3173 5096
1536 516 1889 579 —20-

650 691 888 768 partus
952 687 1381 768 inopinanter
1450 687 1760 769 percipit.
1831 687 1976 749 Alia
2042 685 2240 752 adest
2302 687 2545 753 mulier
2609 704 2782 769 quae

650 810 971 894 gravidae
1008 812 1299 894 benigna
1340 811 1623 878 assidet.
1680 810 1956 877 Ornatio
1998 811 2243 876 domus
2299 829 2510 893 supra
2547 813 2785 877 stabu-

648 938 809 1016 lum,
869 939 999 1003 etsi
1062 937 1398 1022 elegantis
1459 934 1813 1019 qu‘usdam
1897 934 2242 1002 fenestrae
2304 953 2505 1001 arcus
2559 936 2781 1002 adbuc

648 1066 890 1128 acutus
929 1066 1059 1134 est,
1114 1080 1356 1128 novam
1400 1060 1943 1128 Florentinorum
1990 1062 2517 1127 architectorum
2564 1064 2776 1126 artem

647 1186 920 1253 indicat.
993 1187 1062 1252 ln
1124 1188 1369 1254 dextra
1440 1191 1650 1268 parte·
1701 1187 1973 1252 tabulae
2046 1187 2388 1252 bominem
2461 1183 2777 1252 videmus

651 1336 680 1368 «
722 1311 919 1378 valde
956 1312 1335 1393 simplicem
1365 1310 1460 1397 (1)
1496 1336 1554 1392 »‚
1605 1309 1925 1407 utrefert
1964 1308 2461 1385 Bonaventura‚
2504 1309 2780 1389 pallium

647 1437 710 1500 in
743 1437 852 1502 via
882 1437 1008 1502 sub
1047 1437 1386 1521 Francisci
1419 1436 1710 1519 pedibus
1752 1439 2194 1501 sternentem.
2241 1434 2479 1516 Stupet
2513 1434 2782 1500 adoles-

647 1577 811 1631 cens
849 1577 976 1627 nec
1016 1565 1204 1627 tanto
1242 1564 1502 1627 honore
1548 1577 1625 1625 se
1668 1558 1943 1643 dignum
1997 1561 2335 1624 aestimat.

735 1684 805 1747 ln
851 1685 1075 1750 tabula
1113 1686 1413 1751 secunda
1459 1685 1868 1750 Franciscus
1910 1701 2086 1764 equo
2127 1682 2432 1750 insidens
2475 1687 2781 1749 sanctum

648 1807 1007 1873 Martinum
1074 1809 1375 1875 imitatus
1435 1810 1712 1890 pallium
1777 1808 1893 1874 dat
1950 1825 2168 1892 egeno
2233 1810 2450 1896 militi.
2515 1808 2670 1874 Mox
2716 1809 2778 1873 ei

647 1930 1008 1997 somnianti
1054 1932 1363 1999 Christus
1413 1935 1738 2016 palatium
1786 1933 2086 1999 ostendit
2139 1935 2353 2000 scutis
2399 1938 2467 2000 et
2511 1933 2776 1999 vexillis

647 2073 851 2122 cruce
908 2058 1195 2140 signatis
1243 2062 1583 2124 ornatum.
1639 2057 1844 2141 CuJ‘us
1884 2058 2156 2139 quidem
2206 2059 2395 2125 aedis
2433 2056 2775 2125 fenestrae

647 2180 1026 2262 pinnaeque
1071 2182 1156 2248 ad
1198 2182 1701 2249 similitudinem
1740 2185 1897 2248 sunt
1948 2182 2201 2263 publici
2241 2183 2470 2265 palatii
2506 2182 2782 2248 Floren-

570 2312 581 2323 ‘
646 2305 994 2370 tinorum.‘

644 2462 647 2465 -
685 2481 698 2486 ,
738 2429 1033 2495 Tabulae
1066 2431 1310 2498 tertiae
1343 2434 1515 2498 baec
1547 2438 1655 2498 est
1682 2431 2043 2515 inscriptio
2082 2452 2096 2496 :
2132 2458 2164 2491 «
2200 2433 2501 2509 Qualiter
2534 2432 2781 2498 Beatus

640 2551 1053 2620 Franciscus
1102 2572 1331 2622 coram
1378 2558 1710 2640 episcopo
1763 2554 1975 2626 Asisii
2019 2561 2239 2626 renuit
2282 2559 2458 2641 patri
2508 2559 2782 2624 heredi-

646 2680 854 2744 tatem
888 2682 1240 2760 paternam
1284 2685 1353 2746 et
1405 2682 1633 2745 omnia
1677 2684 2087 2749 vestimenta
2115 2688 2185 2749 et
2215 2680 2574 2749 femoralia
2606 2681 2781 2764 patri

647 2801 907 2884 rejecit.
978 2830 1008 2862 »
1066 2803 1379 2871 Cernitur
1442 2806 1850 2872 adolescens
1912 2808 2025 2888 qui
2089 2808 2403 2873 omnibus
2467 2808 2781 2888 corporis

643 2929 1048 2995 velamentis
1102 2931 1442 3011 spoliatus
1489 2948 1706 3012 prope
1742 2932 2124 3013 impudicus
2186 2934 2399 3004 esset,
2455 2931 2586 2996 nisi
2627 2946 2782 2996 eum

649 3053 1020 3135 episcopus
1068 3056 1319 3119 amictu
1363 3054 1539 3119 infra
1583 3057 1975 3121 umbilicum
2003 3057 2341 3137 operiret.
2391 3054 2783 3139 Indignatus

650 3177 847 3243 adest
897 3181 1094 3259 pater
1146 3177 1396 3259 filiique
1447 3180 1789 3263 cingulum
1848 3184 2030 3246 tenet
2064 3181 2453 3246 verberanti
2496 3179 2777 3256 similis;

642 3301 880 3366 *obstat
911 3317 1076 3368 vero
1114 3302 1510 3384 episcopus,
1539 3308 1609 3370 et
1642 3306 1902 3370 amicus
1938 3304 2209 3384 quidam
2241 3306 2488 3369 iratum
2517 3306 2783 3384 patrem

643 3427 987 3491 manulea
1015 3428 1284 3492 retinet.

737 3550 807 3613 ln
879 3546 1138 3615 tabula
1175 3523 1421 3632 quarta
1487 3547 1760 3619 Christo
1823 3554 1936 3635 qui
2011 3550 2785 3634 corruptum.mundum

649 3674 897 3739 iterum
921 3673 1282 3741 delendum
1306 3674 1760 3758 judicaverat,
1795 3683 2011 3745 mater
2041 3677 2318 3744 Beatum
2346 3676 2786 3743 Franciscum

650 3797 1075 3880 Beatumque-
1130 3799 1547 3869 Dominicurn
1614 3820 1831 3869 novos
1887 3805 2273 3871 salvatores
2327 3803 2582 3868 indicat
2628 3802 2784 3883 ipso

650 3923 959 4003 tempore
990 3942 1123 4005 quo
1152 3932 1524 3992 occurrunt
1553 3929 1647 3992 illi
1678 3932 1745 3994 et
1768 3925 1940 3995 alter
1966 3930 2252 3994 alterum
2280 3927 2782 4010 complectitur.

648 4044 816 4111 Post
863 4045 909 4107 F
918 4047 1301 4113 ranciscum
1355 4052 1610 4117 incedit
1665 4053 2071 4119 adolescens
2113 4053 2351 4121 Frater
2387 4052 2604 4117 Minor
2642 4052 2782 4133 qui,

727 4311 798 4380 (l)
834 4309 886 4365 S.
928 4310 1396 4381 Bonaventurae,
1435 4317 1684 4383 Leqenda
1715 4319 1770 4372 S.
1816 4320 2109 4384 Francisci‚
2143 4322 2316 4390 caput
2349 4334 2385 4371 1.
