3173 5096
1298 554 1660 616 -71—

402 718 519 805 isus
555 723 824 807 Moyses
865 741 1062 805 quem
1095 723 1358 789 Pharao
1401 740 1641 789 rursus
1681 723 1748 787 in
1790 725 2049 808 gremio
2095 728 2295 788 tenet.
2337 721 2538 787 Mira·

412 849 529 914 bili
605 851 849 914 eventu
934 848 1429 929 obstupescunt
1509 842 2006 930 conjectoreS,‘
2045 853 2353 913 moestus
2435 852 2542 913 est

411 972 559 1054 ipse
593 972 861 1038 Pharao
906 989 1104 1053 quem
1141 975 1366 1036 tamen
1405 988 1538 1036 non
1576 972 1822 1036 malum
1859 972 2199 1037 hominem
2244 970 2536 1049 dicereS‚

413 1097 890 1162 nam-amantis
932 1097 1163 1178 patris
1198 1096 1398 1162 mo‘do
1445 1095 1964 1161 formidolosum
2009 1098 2194 1162 tenet
2230 1113 2537 1177 puerum.

414 1190 732 1287 Mulieres
783 1238 946 1288 vero
1000 1238 1172 1303 quae
1237 1220 1662 1286 Pharaonem
1722 1221 2131 1286 comitantur
2188 1221 2542 1302 parvulum

413 1342 711 1428 Moysem
751 1324 1038 1430 diligunt
1064 1348 1130 1411 et
1162 1345 1390 1410 omina
1420 1361 1537 1409 eas
1578 1343 1827 1428 gaudio
1856 1343 2184 1409 afliciunt.

504 1468 717 1553 Moysi
753 1486 952 1552 quem
1014 1474 1259 1550 postea
1317 1464 1627 1533 videmus
1673 1460 1812 1551 jam
1877 1467 2142 1533 firmata
2192 1470 2383 1534 aetas
2439 1473 2545 1533 est

414 1596 888 1676 promissaque
937 1594 1175 1660 barba.
1223 1592 1383 1660 Cum
1420 1590 1778 1660 Pharaone
1822 1596 2224 1660 senescente
2252 1594 2545 1659 alt-erca-

418 1722 528 1783 tur
564 1718 795 1800 populi
841 1720 946 1783 sui
973 1718 1357 1784 libertatem
1390 1719 1786 1799 postulans3
1832 1719 1939 1784 cui
1971 1718 2328 1800 proposito
2365 1716 2545 1782 haud

417 1844 789 1909 assentitur
841 1844 1106 1909 Pharao
1163 1843 1282 1909 sed
1345 1860 1627 1910 saevum
1687 1843 1940 1926 Moysis
1984 1844 2239 1908 vultum
2276 1845 2547 1923 pertur-

416 1968 614 2033 batus
654 1968 974 2033 intuetur.
1025 1966 1181 2046 Mox
1223 1965 1491 2048 Moyses
1529 1974 1618 2032 ut?
1646 1967 1983 2032 Pharaoni
2031 1966 2313 2049 ejusque
2353 1964 2547 2030 sami-

414 2092 699 2158 liaribus
739 2094 1154 2172 potestatem
1199 2108 1393 2156 suam
1429 2090 1734 2156 declaret
1768 2093 2028 2174 virgam
2069 2092 2134 2154 in
2180 2090 2547 2157 draconem

416 2218 772 2283 convertit.
812 2215 1236 2282 Adstantium
1268 2215 1542 2296 quidam
1570 2215 1935 2280 exterritus
1974 2217 2348 2280 monstrum
2379 2212 2550 2297 fugit

419 2340 612 2423 quus
637 2341 919 2406 caudam
941 2340 1163 2406 adhuc
1184 2341 1416 2423 virgae
1437 2339 1726 2404 similem
1747 2336 2016 2420 Moyses
2032 2339 2098 2401 in
2120 2355 2316 2403 manu
2335 2326 2560 2404 tenet.'

506 2465 800 2530 Tabulae
833 2465 1166 2543 septimae
1195 2463 1499 2529 decimae
1530 2463 1645 2529 ubi
1675 2461 1980 2546 Aegyptii
2005 2464 2071 2525 in
2104 2479 2287 2528 mare
2320 2461 2548 2528 Rubro

421 2590 1037 2673 submergebantur
1090 2590 1385 2654 maxima
1430 2605 1592 2671 pars
1647 2588 1998 2654 destructa
2044 2590 2172 2654 est.
2220 2586 2551 2652 Nonnulla

421 2715 647 2796 capita
711 2715 993 2780 militum
1062 2730 1479 2796 equorumve
1554 2711 1959 2778 fluitantium
2043 2712 2543 2777 discernuntur.

421 2839 927 2904 Pulcherrimus
982 2839 1160 2903 ultra
1216 2855 1397 2904 mare
1458 2854 1854 2918 camporum
1915 2841 2326 2919 prospectus
2376 2839 2545 2903 erat.

425 2961 672 3060 Civitas
736 2966 1057 3046 superest
1119 2964 1232 3029 ubi
1291 2962 1691 3028 Pisanorum
1760 2961 2033 3046 fastigia
2093 2962 2546 3042 inclinataque

424 3089 630 3153 turris
672 3091 1158 3171 agnoscuntur.
1205 3086 1495 3153 Hebraei
1527 3088 1640 3169 qui
1696 3087 1878 3152 sicco
1922 3086 2096 3168 pede
2139 3103 2323 3151 mare
2372 3090 2550 3151 tran-

427 3213 685 3278 sierunt
717 3229 893 3276 nunc
920 3213 985 3276 in
1012 3213 1240 3278 littore
1267 3210 1405 3277 Deo
1433 3205 1689 3295 gratias
1718 3216 1944 3295 agunt.
1976 3203 2189 3277 Mater
2217 3210 2552 3293 quaedam

411 3306 710 3417 'parvulo
751 3336 1037 3417 praebet
1069 3337 1300 3401 ubera.

513 3460 582 3523 ln
634 3460 880 3535 ,tabula
942 3464 1186 3525 octava
1246 3461 1505 3527 decima
1589 3459 1803 3542 Moysi
1876 3459 2056 3526 Deus
2111 3460 2374 3526 tabulas
2438 3458 2553 3524 dat

425 3583 758 3667 lapideas,
804 3583 1178 3665 Antequam
1227 3585 1291 3647 in
1326 3588 1621 3650 montem
1670 3583 1851 3649 Sinai
1883 3583 2207 3649 ascendat
2254 3583 2550 3665 Moyses,

428 3726 508 3774 ne
559 3708 871 3773 turbetur
925 3724 964 3771 a
1015 3708 1294 3789 popum,
1360 3708 1738 3787 circuitum,
1799 3707 1935 3772 Deo
1983 3705 2288 3788 Jubente‚
2329 3709 2556 3788 parari

413 3836 666 3899 curat:
717 3857 749 3890 «
812 3830 1334 3913 constituesque
1385 3829 1475 3917 (1)
1526 3833 1854 3898 terminos
1910 3850 2031 3914 per
2070 3832 2447 3910 circuitum,
2489 3838 2559 3899 et

427 3958 620 4023 dices
672 3957 753 4021 ad
806 3975 928 4023 eos
982 3975 996 4020 :
1047 3956 1293 4023 Caveto
1346 3974 1426 4023 ne
1484 3956 1876 4022 ascendatis
1928 3957 1994 4020 in
2067 3960 2386 4036 montem,
2432 3975 2557 4024 nec

429 4082 728 4166 tangatis
770 4081 938 4148 fines
982 4083 1197 4158 illius3
1239 4083 1460 4147 omnis
1506 4083 1621 4163 qui
1661 4082 1960 4165 tetigerit
1998 4086 2294 4149 montem
2341 4086 2554 4148 morte

505 4349 578 4419 (1)
599 4349 770 4437 *Liber
797 4350 994 4418 Εκοάὶ,
1024 4354 1195 4420 caput
1227 4367 1331 4417 xlx,
1370 4354 1451 4404 12.
