3173 5096
1263 528 1367 583 ·-
1418 538 1636 601 25—

397 709 548 774 aliis
571 709 835 774 civibus
858 708 1174 774 movebat
1192 709 1449 786 claVOS,
1473 699 1828 792 sanctique
1851 726 2090 775 manus
2112 713 2180 776 et
2197 710 2434 793 pedeS,
2459 716 2526 774 et

396 835 576 900 latus
631 833 941 899 manibus
986 834 1288 915 propriis
1338 833 1812 900 contrectabat
1851 837 1923 900 ut
1969 834 2126 899 dum
2172 835 2526 901 vulnerum

397 958 646 1024 Christi
663 956 1063 1024 veraciailla
1079 957 1275 1041 signa
1285 959 1391 1039 pal
1401 958 1628 1042 pando
1644 944 2166 1043 co'ntingeretde
2186 960 2290 1026 sui
2309 962 2531 1025 elom-

397 1085 580 1149 nium
623 1082 948 1148 cordibus
985 1098 1183 1148 omne
1220 1081 1590 1149 dubietatis
1620 1084 1865 1149 vulnus
1897 1087 2280 1166 amputaret
2314 1109 2374 1146 ».
2410 1084 2527 1149 Ille

396 1207 723 1274 doctorin
740 1206 871 1273 Ben
882 1206 998 1273 otii
1016 1207 1249 1272 tabula
1263 1208 1518 1289 primas
1533 1207 1674 1291 agit
1691 1209 1923 1289 partes
1942 1226 1957 1272 ε
1977 1225 2527 1292 suspensamanu

395 1332 745 1398 Francisci
763 1328 1037 1414 plagam
1069 1332 1312 1411 aperit,
1337 1334 1406 1398 et
1445 1348 1596 1398 eam
1628 1334 1899 1413 penitus
1925 1332 2153 1416 digitis
2189 1332 2523 1413 explorat.

486 1456 637 1540 lpse
678 1455 1028 1535 BenotiuS‚
1069 1456 1200 1521 etsi
1247 1457 1563 1522 omnibus
1615 1456 1964 1522 Francisci
2009 1457 2527 1522 miraculis‘non

397 1584 733 1666 integram
775 1551 979 1646 fidem
1032 1581 1399 1660 tribuebat,
1455 1582 1617 1646 nihil
1674 1587 1861 1648 certe
1913 1581 2113 1649 bonis
2175 1582 2532 1646 monacbis

400 1705 854 1773 confitebatur
887 1704 1067 1787 quod
1108 1722 1345 1772 eorum
1375 1706 1702 1789 pictatem
1730 1707 2135 1788 perturbare
2164 1706 2524 1787 potuisset.

400 1831 712 1897 Attamen
796 1829 1176 1895 naturalem
1240 1847 1476 1896 verum
1541 1832 1862 1927 ordinem
1932 1831 2266 1915 prodigiis
2342 1838 2533 1896 ante-

402 1956 723 2037 ponebat.
751 1954 1100 2019 Francisci
1129 1971 1290 2020 vero
1320 1961 1848 2038 praeceptorum
1875 1958 2026 2022 aliis
2062 1956 2527 2033 subscribere,

370 2151 373 2156 ,
402 2081 552 2146 aliis
585 2078 1058 2145 contradicere
1084 2078 1374 2145 videtur.
1398 2078 1665 2146 Mollem
1695 2086 1762 2147 et
1786 2082 2150 2165 benignum
2177 2080 2526 2146 Francisci

404 2203 698 2268 animum
752 2198 1040 2267 Benotio
1084 2218 1316 2268 carum
1354 2202 1568 2270 fuisse
1609 2205 1787 2270 haud
1825 2205 2102 2270 dubium
2138 2208 2267 2271 est.
2310 2200 2534 2269 Sancti

403 2328 531 2395 viri
565 2328 881 2394 virtutem
908 2328 1365 2410 pietatemque
1395 2333 1580 2395 certe
1610 2330 1929 2397 laudabat
1955 2304 2175 2412 pictor
2205 2333 2272 2396 et
2302 2345 2536 2395 assen-

404 2453 706 2519 tiebatur
749 2452 1075 2535 singulari
1115 2452 1213 2516 illi
1258 2454 1472 2518 amori
1519 2471 1686 2538 erga
1728 2471 1966 2521 omnes
2003 2454 2118 2521 Dei
2151 2457 2529 2531 creaturas,

408 2578 834 2658 libenterque
905 2576 1343 2643 Franciscum
1415 2578 1717 2660 depinxit
1792 2598 1946 2646 cum
2013 2581 2251 2647 avibus
2319 2580 2535 2645 collo—

402 2707 742 2785 quentem.
790 2700 919 2768 Sed
974 2719 1194 2783 neque
1246 2701 1566 2769 familiam
1617 2705 1959 2772 deserenti
2011 2721 2228 2786 neque
2281 2721 2534 2786 corpus

407 2823 825 2909 crucifigenti
860 2827 1180 2892 assentiri
1213 2831 1505 2909 poterat.
1553 2827 1964 2896 Franciscus
2009 2830 2230 2911 ipsum
2265 2832 2533 2910 >patrem

404 2950 645 3035 eJurat.
690 2950 856 3015 Nam
897 2966 1050 3015 cum
1088 2950 1534 3017 hereditatem
1577 2970 1808 3018 coram
1848 2954 2178 3036 episcopo
2224 2953 2538 3035 repudiat
2573 3044 2577 3049 .

407 3077 474 3140 et
534 3077 685 3157 ipsa
746 3077 1157 3141 vestimenta
1217 3077 1535 3155 restituit,
1608 3078 1710 3143 sic
1785 3082 2050 3161 patrem
2118 3079 2483 3159 alloquitur
2516 3097 2531 3142 :

414 3224 441 3258 α
490 3199 711 3280 Usque
750 3197 845 3286 (1)
906 3217 1082 3266 nunc
1134 3180 1371 3267 vocavi
1430 3206 1495 3268 te
1547 3207 1812 3284 patrem
1861 3205 1928 3266 in
1977 3204 2233 3270 terris:
2291 3203 2536 3269 amodo

408 3327 636 3389 autem
689 3340 932 3390 secure
988 3325 1218 3392 dicere
1270 3343 1608 3407 possum:
1656 3327 1857 3393 Pater
1898 3334 2136 3394 noster
2174 3329 2292 3409 qui
2332 3344 2409 3394 es
2469 3329 2537 3392 in

412 3449 707 3514 caelis...
749 3473 780 3506 »
821 3448 1017 3513 Nulla
1061 3450 1307 3516 deinde
1348 3469 1513 3517 cura
1558 3456 1917 3533 parentum
1959 3450 2084 3517 fuit
2133 3449 2530 3517 FranciscO.

409 3572 628 3638 Patris
709 3573 778 3637 et
864 3573 1122 3649 matris,
1210 3573 1493 3640 fratrum
1563 3578 1630 3642 et
1692 3592 2010 3642 sororum
2082 3576 2335 3642 oblitus
2402 3578 2529 3641 est.

408 3695 730 3762 Benotius
758 3699 998 3761 contra
1027 3698 1141 3777 qui
1170 3699 1514 3764 naturales
1542 3698 1831 3764 affectus
1860 3716 1991 3765 non
2017 3699 2445 3783 neglegebat,
2472 3701 2539 3763 in

409 3819 611 3887 domo
638 3819 931 3885 infelicis
961 3820 1191 3886 militis
1220 3818 1614 3889 Celanens1s
1643 3824 1995 3890 caritatem
2033 3823 2275 3906 patriS‚
2303 3826 2537 3890 uxoris

411 3947 478 4010 et
512 3942 703 4009 filioli
736 3944 1061 4027 depinxit.
1096 3944 1337 4011 Cetera
1368 3962 1530 4011 vero
1572 3964 1785 4028 opera
1817 3949 2151 4028 pictorem
2179 3948 2262 4014 ad
2300 3966 2536 4032 corpo-

413 4069 507 4133 ris
531 4067 1036 4135 crucifixionem
1067 4071 1335 4135 minime
1355 4088 1772 4153 propensum
1799 4071 1827 4136 s
1830 4075 2011 4140 uisse
2040 4074 2531 4140 demonstrant.

486 4314 560 4385 (l)
592 4317 837 4384 Leqenda
864 4317 917 4369 S.
950 4318 1248 4385 Franciscss
1276 4323 1449 4390 caput
1481 4338 1537 4374 11.
