3173 5096
431 646 765 715 Hebraica
812 669 1053 733 nempe
1102 651 1314 717 Biblia
1374 653 1480 718 hic
1523 657 1779 735 populo
1830 661 1977 722 erat
2028 661 2465 741 exponenda3

339 777 408 838 at
463 776 698 857 populi
752 757 1114 842 hebraicos
1176 794 1406 843 mores
1459 779 1543 844 ab
1603 780 1850 846 italicis
1910 781 2173 867 seJ'ungi
2230 804 2469 867 parum

334 899 687 970 intererat.
742 899 995 966 Bibliae
1052 902 1432 982 patriarcas
1472 906 1670 984 pueri
1721 922 1760 969 a
1826 908 2080 972 teneris
2141 915 2473 977 noverant

335 1027 404 1087 et
443 1025 533 1092 in
589 1026 1282 1106 sacris-spectaculis
1337 1029 1769 1105 simulabant,
1828 1046 1953 1096 nec
2021 1032 2122 1097 eis
2184 1035 2469 1112 patriam

335 1148 570 1215 ltaliae
602 1149 1003 1220 dissimilem
1053 1150 1267 1218 fuisse
1325 1152 1868 1234 arbitra-bantur.
1895 1152 2004 1219 Sic
2048 1156 2197 1237 ipse
2252 1155 2472 1223 Beno-

335 1275 472 1338 tius
522 1272 856 1348 Abraham
913 1275 1198 1358 ejusque
1252 1280 1543 1357 nepotes
1582 1278 1649 1341 in
1711 1276 1904 1342 Italia
1938 1279 2145 1344 vitam
2190 1285 2474 1365 agentes

339 1400 659 1481 depinxit.
712 1398 830 1465 Hic
889 1401 1375 1482 inscriptiones
1434 1420 1568 1467 non
1624 1404 1690 1466 in
1744 1404 1954 1469 latina
2011 1406 2132 1471 sed
2181 1406 2248 1469 in
2300 1424 2475 1473 nova

341 1521 717 1590 Tuscorum
783 1526 1015 1610 lingua
1070 1527 1406 1611 leguntur,
1477 1545 1613 1609 quo
1682 1529 1766 1593 ab
1825 1526 2142 1595 omnibus
2210 1529 2476 1597 facilius

338 1651 842 1735 intellegantur.
904 1649 1151 1732 Siquis,
1206 1652 1511 1736 singulas
1551 1653 1859 1734 picturas
1915 1653 2320 1733 observanS,
2357 1672 2475 1721 eas

341 1792 493 1841 cum
552 1776 772 1842 sacris
820 1777 1327 1844 narrationibus
1383 1778 1838 1857 comparabit,
1890 1775 2090 1843 facile
2142 1780 2479 1862 percipiet

341 1918 539 1981 quam
578 1903 839 1982 peritus
874 1900 1198 1967 Benotius
1239 1900 1443 1970 fuerit
1488 1900 1570 1964 ad
1613 1901 1929 1985 eligenda
1968 1906 2036 1967 et
2075 1903 2480 1985 explicanda

341 2028 743 2109 argumenta
792 2043 966 2106 quae
1016 2024 1172 2089 dum
1235 2028 1560 2107 populum
1616 2026 2077 2101 oblectabant,
2132 2028 2477 2096 salubrem
2525 2043 2529 2047 *

338 2151 612 2217 vivendi
636 2151 1066 2232 disciplinam
1097 2150 1391 2216 omnium
1424 2150 1645 2220 oculis
1675 2156 2164 2231 proponerent.

398 2275 833 2358 -Priusquam
879 2274 1201 2342 Benotius
1246 2275 1601 2342 adveniret
1650 2278 1870 2346 tribus
1915 2277 2054 2360 jam
2095 2280 2382 2362 picturis
2413 2281 2478 2343 in

345 2401 545 2485 longa
591 2402 851 2482 pariete
893 2401 1151 2482 primae
1200 2400 1454 2466 Bibliae
1501 2402 1932 2468 narrationes
1964 2420 2182 2484 usque
2217 2404 2298 2468 ad
2339 2404 2479 2470 Noe

343 2524 705 2591 historiam
755 2523 1206 2608 fingebantur.
1272 2522 1395 2590 Hic
1447 2524 1714 2591 initium
1782 2527 1989 2593 habet
2049 2528 2482 2609 praeclarum

344 2668 520 2733 opus
550 2649 843 2716 Benotii.

434 2775 979 2841 vindemiatores
1033 2775 1098 2837 in
1159 2775 1377 2856 prima
1428 2776 1664 2841 tabula
1718 2775 2054 2841 videmus
2116 2801 2147 2833 «
2210 2775 2485 2858 Coepit-

347 2917 477 2982 que
526 2899 624 2985 (1)
683 2899 823 2965 Noe
872 2900 978 2964 vir
1017 2899 1321 2983 agricola
1373 2915 1702 2966 exercere
1749 2903 2003 2966 terram
2049 2903 2117 2966 et
2155 2901 2487 2992 plantavit
2540 2918 2552 2934 ·

344 3026 634 3091 vineam.
681 3051 712 3083 »
757 3023 924 3090 Altis
967 3024 1201 3090 ridieis
1248 3025 1482 3089 nititur
1525 3025 1698 3090 haec
1735 3025 1934 3090 vinea
1977 3023 2171 3107 cujus
2221 3024 2485 3104 fruetus

348 3153 654 3215 maturos
684 3149 805 3214 filii
842 3150 983 3216 Noe
1033 3165 1382 3231 nurusque
1433 3148 1853 3230 decerpunt;
1909 3150 2133 3215 scalas
2174 3151 2485 3218 homines

351 3275 726 3342 ascendunt
777 3280 845 3340 et
906 3293 1075 3340 uvas
1125 3291 1165 3339 a
1214 3274 1469 3339 vitibus
1533 3272 1865 3341 desecant
1925 3292 2097 3355 quas
2155 3277 2485 3342 mulieres

346 3402 414 3465 in
469 3400 789 3466 canistris
853 3399 1180 3464 collectas
1231 3397 1314 3462 ad
1373 3399 1598 3463 lacum
1657 3397 1883 3465 ferunt
1941 3399 2057 3464 ubi
2098 3416 2218 3465 eas
2278 3401 2483 3465 semi-

346 3525 571 3591 nudus
627 3526 832 3590 homo
886 3522 1175 3605 pedibus
1224 3523 1545 3588 alacriter
1597 3523 1975 3603 proculcat.
2036 3521 2227 3587 Haud
2286 3524 2482 3588 aliter

345 3649 711 3734 Vergiliani
749 3647 973 3714 coloni
1009 3664 1023 3709 ε

349 3864 509 3918 David
542 3862 750 3916 amasso
782 3860 958 3923 Golia,
992 3858 1229 3913 l'ulcima
1259 3858 1484 3928 quando
1527 3859 1582 3912 la
1622 3861 1777 3913 reina
1813 3859 1958 3914 Saba
2000 3858 2143 3913 ando
2186 3876 2221 3913 α
2263 3862 2489 3915 visitare

352 3953 663 4018 Salamone‚
689 3950 975 4005 d'accordo
1008 3950 1148 4003 ditto
1165 3992 1753 4004 .................
1841 3949 1879 4002 l.
1922 3948 2100 4015 1466,
2134 3964 2177 4003 s.
2213 3950 2307 4017 13,
2335 3951 2392 4004 d.
2427 3951 2484 4003 ά.

426 4040 591 4113 (Vide
617 4039 887 4105 Tamiani,
922 4036 1276 4101 Centofanti,
1310 4040 1522 4092 Notizie
1549 4039 1608 4092 di
1642 4040 1829 4092 artisti
1862 4044 2028 4092 tratce
2054 4039 2142 4092 dei
2165 4040 2490 4094 Documenti

353 4129 556 4197 pisani.
588 4125 742 4192 Pisa,
780 4128 934 4191 1898,
968 4140 1060 4195 pp.
1105 4127 1193 4190 87,
1226 4122 1336 4193 91).
2251 4122 2257 4126 ”
2291 4124 2296 4127 ’

434 4270 507 4341 (l)
544 4269 776 4336 Genesis,
806 4271 979 4339 caput
1010 4285 1083 4335 lx,
1117 4272 1202 4322 20.
