3173 5096
1246 543 1601 606 ...35-

364 712 579 776 moria
624 712 732 777 vel
774 712 1114 795 ingenium
1161 729 1334 793 quae
1377 729 1502 777 nos
1552 711 1809 777 habere
1860 714 2134 778 voluisti
2192 731 2317 795 pro
2349 763 2352 766 -
2380 714 2497 778 illa

362 839 585 902 aetate
621 837 817 915 satis,
863 836 985 902 sed
1026 836 1413 903 delectabat
1445 835 1704 902 ludere.
1745 860 1777 894 »
1814 833 2124 903 Attamen
2156 855 2314 904 mox
2341 855 2496 905 eum

360 961 671 1026 videmus
724 961 964 1043 paucis
1018 962 1210 1026 annis
1259 960 1586 1044 majorem
1640 963 1708 1027 et
1746 959 1887 1043 Jam
1934 961 2312 1027 litterarum
2360 966 2500 1029 stu-

361 1057 1083 1151 diosissimum..Tam
1141 1087 1649 1168 pulchrasunt
1709 1101 1883 1167 quae
1949 1087 2014 1149 in
2078 1084 2314 1152 codice
2369 1103 2495 1151 suo

365 1209 606 1275 scribit
658 1214 730 1274 ut
769 1209 1042 1292 quidam
1091 1227 1175 1276 ex
1234 1210 1591 1291 discipulis
1641 1226 1847 1291 supra
1897 1191 2078 1276 illius
2140 1211 2494 1276 humerum

368 1336 690 1415 spectans
747 1350 829 1400 ea
878 1337 1090 1401 tentet
1125 1351 1435 1401 cernere.
1479 1334 1625 1399 Jam
1672 1333 2330 1419 Virgiliumlegebat
2374 1334 2507 1400 Au-

365 1458 680 1543 gustinus
721 1461 789 1524 et
822 1459 1090 1525 solebat
1121 1482 1155 1517 «
1184 1460 1457 1542 plorare
1491 1455 1592 1545 (1)
1623 1458 1950 1525 Didonem
1991 1463 2326 1525 mortuam
2353 1462 2513 1542 quia

371 1598 450 1648 se
481 1582 734 1649 occidit
764 1583 853 1649 ob
890 1600 1193 1650 amorem
1224 1608 1288 1646 ».
1328 1580 1436 1648 Illi
1473 1584 1795 1667 discipuli
1817 1569 2139 1658 dumnon
2165 1582 2514 1668 flagellan-

374 1711 484 1772 tur
513 1708 1016 1774 satisstudiosi
1055 1706 1430 1791 felicesque
1470 1709 1806 1775 videntur.
1854 1707 2101 1775 Schola
2130 1710 2196 1772 in
2227 1725 2516 1776 amoena

373 1832 644 1913 porticu
686 1834 819 1898 sita
848 1837 956 1898 est
990 1834 1317 1914 pulchrae
1354 1834 1650 1899 civitatis
1684 1831 2042 1900 etruscae:
2275 1819 2280 1826 ’

463 1939 781 2022 Τειῠυΐειθ,
857 1957 1201 2022 secundae
1276 1958 1447 2022 baec
1537 1960 1912 2038 supersunt
1984 1954 2456 2040 inscriptionis
2496 1976 2510 2020 :

385 2104 417 2139 «
461 2078 888 2164 Augustinus
944 2095 1096 2146 cum
1162 2079 1501 2146 decimum
1549 2085 1620 2147 et
1675 2097 1924 2146 nonum
1985 2086 2219 2165 ageret
2273 2098 2517 2148 annum

379 2200 873 2288 Cartaginiensi
960 2205 1401 2271 universitate
1490 2221 1736 2288 magno
1826 2207 2087 2272 honore
2173 2206 2519 2274 admissus

379 2328 507 2395 fuit
518 2378 644 2393 .....
683 2329 842 2395 »At
892 2347 975 2396 nc
1019 2347 1181 2411 pars
1230 2329 1348 2394 illa
1393 2329 1670 2409 quidem
1714 2346 1887 2412 quae
1942 2329 2223 2396 sinistra
2275 2335 2381 2398 est
2421 2339 2522 2396 ta-

324 2453 580 2520 ‘bulae
643 2455 909 2537 integra
971 2457 1222 2520 manet.
1274 2451 1403 2518 Vix
1462 2453 1914 2538 Augustinum
1971 2453 2284 2521 videmus
2343 2471 2518 2538 genu

382 2580 610 2644 nixum
655 2583 723 2645 et
767 2577 1240 2661 Jusjurandum
1292 2582 1757 2660 praestantem
1810 2580 1969 2645 dum
2020 2596 2289 2647 manum
2334 2581 2524 2661 ponit

381 2704 449 2768 in
503 2703 681 2769 libro
740 2719 942 2785 quem
998 2719 1209 2770 senex
1265 2704 1538 2785 quidam
1617 2704 1864 2770 doctor
1924 2709 2233 2787 apertum
2309 2709 2514 2771 tenet.

382 2826 646 2894 Adsunt
709 2828 819 2893 alii
889 2828 1335 2906 scholastici3
1410 2832 1668 2894 tantum
1745 2833 1852 2894 est
1912 2828 2179 2894 aedium
2246 2829 2522 2895 lacuna-

384 2952 581 3018 rium.
1815 2950 1820 2953 '

476 3076 704 3162 Tertia
743 3081 811 3144 et
838 3080 1082 3160 quarta
1119 3076 1389 3143 tabulae
1421 3075 1564 3143 fere
1603 3077 1875 3144 omnino
1917 3072 2249 3158 temporis
2280 3075 2526 3159 injuria

386 3204 455 3267 et
474 3199 959 3268 refectionibus
986 3202 1377 3269 destructae
1405 3204 1584 3267 sunt.
1613 3199 1876 3267 Monica
1903 3199 2288 3285 fingebatur
2316 3200 2524 3266 Deum

390 3341 597 3391 orans
637 3328 712 3390 ut
749 3324 1102 3392 absentem
1142 3324 1354 3392 filium
1407 3330 1753 3403 tueretur;
1794 3322 2214 3410 August-inus
2268 3324 2525 3390 Italiam

389 3455 633 3532 petens
665 3465 852 3515 mare
889 3451 1416 3517 transmittebat.
1470 3448 1794 3517 Benotius
1831 3448 2202 3516 familiares
2239 3447 2528 3514 affectus

322 3618 333 3628 ·
389 3573 801 3659 depingendi
841 3574 1105 3655 peritus
1136 3549 1551 3640 moestitiam
1594 3578 1783 3641 certe
1835 3578 1908 3640 et
1948 3589 2251 3640 amorem
2293 3572 2358 3636 in
2415 3572 2531 3638 de-

390 3701 618 3765 sertae
657 3698 894 3763 matris
926 3697 1110 3764 vultu
1144 3701 1608 3779 expresserat.
1656 3696 1841 3764 Haec
1876 3695 2151 3780 quidem
2183 3690 2531 3763 scribebat

386 3821 802 3907 Augustinus
869 3838 885 3885 ε
946 3845 979 3878 «
1047 3821 1335 3886 Amabat
1377 3818 1473 3906 (2)
1525 3822 1705 3887 enim
1747 3830 2015 3888 ‘secum
2067 3821 2526 3904 praesentiam

388 3964 609 4014 meam
640 3963 829 4015 more
869 3950 1159 4015 matrum
1200 3945 1323 4012 sed
1365 3946 1595 4012 multis
1635 3947 1844 4011 multo
1886 3946 2178 4029 amplius
2187 3994 2318 4010 .....
2361 3970 2392 4004 »

480 4071 551 4137 ln
620 4072 855 4138 tabula
914 4072 1149 4153 quinta
1213 4070 1632 4155 Augustinus
1694 4070 1777 4136 ad
1868 4070 2127 4137 ltaliam
2213 4072 2523 4138 accedit:

467 4247 544 4318 (1)
577 4249 974 4315 confessiones,
1007 4245 1156 4302 liber
1183 4245 1223 4313 l,
1254 4250 1431 4318 capul.
1454 4263 1570 4301 1111.

464 4336 540 4407 (2)
573 4336 967 4405 Confessioues,
993 4334 1144 4391 liber
1178 4334 1241 4402 V,
1273 4340 1446 4408 caput
1474 4352 1591 4389 vm.
