3173 5096
1321 514 1676 578 ...45—

431 685 809 765 sapientiae
865 685 1333 768 repugnantia.
1397 683 1468 748 ln
1514 701 1818 751 amorem
1878 685 1994 751 Dci
2040 702 2240 767 quem
2289 684 2558 769 Augus·

430 810 615 875 tinus,
661 808 1112 890 profitebatur
1158 808 1478 875 Benotius
1529 812 1730 876 certe·
1766 813 1834 876 ct
1876 810 2024 891 ipse
2078 808 2560 875 effundebatur

432 932 556 999 sed
583 950 717 998 non
746 933 832 999 ab
874 934 1054 1000 omni
1091 933 1225 999 alio
1255 934 1569 1000 terrestri
1606 932 1855 1000 affectu
1893 950 2182 1001 aversus
2218 937 2388 999 erat.
2426 932 2562 998 Mo-

430 1060 652 1125 nicam
688 1059 1002 1124 eximiam
1043 1075 1327 1125 uxorem
1368 1062 1788 1141 matremque
1815 1051 2072 1124 laudat.
2111 1082 2142 1115 «
2182 1058 2431 1126 Fuerat
2462 1056 2559 1144 (1)

430 1183 838 1248 enim'uniu's
875 1183 1004 1248 viri
1058 1200 1253 1259 uxor,
1290 1186 1593 1250 mutuam
1640 1184 1862 1250 vicem
1894 1183 2293 1265 parentibus
2315 1177 2559 1247 'reddi-

395 1277 646 1384 derat,
696 1306 969 1374 domum
1019 1323 1211 1372 suam
1260 1303 1368 1390 pie
1424 1310 1870 1374 tractaverat.
1910 1332 1941 1366 »
1992 1306 2113 1371 llla
2159 1304 2434 1388 quidem
2480 1308 2556 1370 ut

428 1430 608 1496 filius
652 1430 813 1496 felix
857 1429 1052 1497 lieret
1095 1432 1303 1497 vitam
1347 1432 1641 1499 libenter
1670 1432 2130 1513 impendebat,
2174 1429 2351 1494 Nihil
2390 1445 2556 1496 vero

422 1557 489 1619 in
547 1555 807 1622 Benotii
869 1572 1078 1638 opere
1134 1555 1387 1622 indicat
1445 1574 1601 1623 eum
1667 1561 1830 1623 vota
1899 1556 2314 1638 concepisse
2366 1571 2545 1637 quae

427 1679 840 1763 Augustinus
881 1680 1163 1763 ejusque
1221 1685 1438 1746 mater
1486 1680 1867 1748 faciebant:
1915 1705 1946 1739 «
2003 1678 2421 1747 Dicebamus
2461 1676 2552 1765 (2)

426 1820 632 1888 ergo:
675 1802 742 1867 Si
783 1804 890 1869 cui
933 1803 1134 1869 sileat
1190 1805 1516 1871 tumultus
1564 1806 1817 1884 carnis,
1871 1806 2117 1872 sileant
2155 1804 2558 1887 phantasiae

418 1934 651 1995 terrae
680 1931 749 1994 et
788 1945 1116 2009 aquarum
1157 1932 1226 1993 et
1279 1930 1484 2006 aeris,
1522 1931 1771 1996 sileant
1820 1932 1888 1996 et
1927 1930 2093 2011 poli,
2136 1933 2203 1995 et
2243 1930 2395 2010 ipsa
2426 1928 2558 1993 sibi

425 2054 648 2119 anima
670 2053 954 2118 sileat...
979 2067 1200 2117 nonne
1220 2054 1353 2119 hoc
1381 2056 1525 2118 est:
1551 2052 1735 2118 Intra
1757 2051 1849 2139 (3)
1867 2054 1930 2116 in
1958 2052 2277 2137 gaudium
2295 2051 2558 2118 Domini

429 2177 575 2242 tui‘?
613 2202 645 2236 »
697 2175 1048 2243 Benotium
1111 2181 1351 2242 contra
1390 2202 1420 2235 «
1467 2179 1871 2259 phantasiae
1920 2180 2147 2243 terrae
2192 2203 2223 2236 »
2282 2194 2558 2260 semper

424 2301 715 2367 maximo
751 2300 997 2384 gaudio
1053 2287 1463 2366 afficiebant.
1521 2300 1615 2368 Ne
1665 2303 1941 2383 poterat
1994 2301 2268 2383 quidem
2312 2304 2551 2367 sancto

419 2427 567 2492 viro
595 2441 894 2491 annuere
939 2426 1040 2490 sic
1076 2423 1362 2490 dicenti:
1409 2448 1441 2483 «
1486 2424 1656 2503 Quid
1699 2422 1788 2513 (4)
1823 2430 2048 2492 autem
2092 2442 2243 2493 amo
2292 2442 2445 2492 cum
2486 2431 2552 2492 te

420 2548 622 2617 amo?
659 2550 801 2615 Non
857 2550 1159 2630 speciem
1210 2552 1549 2633 corporis,
1599 2569 1732 2617 non
1768 2552 1982 2618 decus
2039 2552 2397 2634 temporiS‚
2427 2569 2554 2618 nec

418 2673 786 2742 candorem
827 2675 1000 2740 lucis
1047 2691 1214 2740 ecce
1270 2676 1423 2741 istis
1483 2677 1776 2744 amicum
1840 2677 2086 2754 oculis,
2130 2694 2265 2743 non
2311 2676 2551 2743 dulces

419 2798 749 2865 melodias
803 2799 1292 2864 cantilenarum
1348 2801 1923 2880 omnimodarum,
1982 2818 2118 2866 non
2181 2799 2426 2866 florum
2481 2805 2551 2867 et
2577 2817 2928 2908 Ass

414 2923 856 3007 unguentium
884 2925 950 2989 et
986 2926 1363 2988 aromatum
1401 2926 1985 2991 suaveolentiam:
2033 2942 2167 2990 non
2206 2942 2449 2991 manna
2484 2930 2553 2992 et

416 3049 638 3127 mella,
678 3064 809 3113 non
852 3047 1157 3113 membra
1210 3048 1666 3130 acceptabilia
1716 3050 2037 3115 carnibus
2092 3049 2545 3131 amplexibus.

415 3171 557 3237 Non
594 3172 764 3237 baec
804 3189 958 3236 amo
1008 3189 1157 3238 cum
1203 3189 1356 3238 amo
1409 3173 1617 3238 Deum
1648 3192 1893 3241 meum.
1942 3199 1973 3233 »
2016 3173 2341 3240 Benotius
2382 3191 2548 3240 vero

414 3296 585 3361 baec
633 3295 861 3359 omnia
911 3297 982 3359 ut
1039 3294 1266 3361 divina
1312 3309 1594 3359 munera
1641 3294 1933 3360 libenter
1971 3294 2376 3376 accipiebat.
2423 3292 2550 3358 Pa-

413 3436 562 3484 rum
620 3417 954 3483 didicerat
1012 3434 1375 3484 secernere
1420 3417 1632 3484 Deum
1688 3435 1728 3482 a
1775 3419 2023 3484 divinis
2073 3418 2426 3498 operibus,
2482 3420 2550 3482 et

412 3561 651 3626 parum
692 3543 1129 3625 intellegebat
1155 3544 1368 3608 verba
1406 3541 1797 3624 Augustini:
1835 3567 1866 3600 «
1915 3542 2241 3609 Pulchras
2276 3538 2371 3628 (5)
2407 3540 2549 3606 for-

413 3687 558 3735 mas
591 3672 660 3734 et
684 3667 945 3744 varias,
983 3665 1235 3731 nitidos
1278 3671 1346 3731 et
1386 3683 1716 3731 amoenos
1759 3667 2033 3771 colores
2067 3671 2292 3731 amant
2332 3667 2536 3732 oculi.

482 3952 556 4023 (1)
590 3951 987 4017 Confessiones,
1021 3947 1173 4003 liber
1205 3946 1294 4011 lx,
1332 3952 1507 4018 caput
1534 3965 1607 4002 ix.

482 4041 555 4110 (2)
588 4040 980 4106 confessiones,
1010 4037 1162 4095 liber
1190 4036 1285 4102 lx,
1319 4042 1495 4108 caput
1526 4054 1574 4091 x.

480 4132 556 4200 (3)
587 4130 951 4196 Evanqelium
983 4145 1088 4184 sec.
1120 4129 1485 4191 Matthaeum,
1509 4143 1633 4193 xxv,
1667 4130 1755 4180 21.

480 4217 555 4287 (4)
587 4217 976 4283 Confessiones,
1006 4215 1157 4270 liber
1185 4214 1252 4282 X,
1279 4218 1456 4287 caput
1485 4232 1560 4269 vi.

479 4307 554 4377 (5)
591 4307 986 4373 Confessione3‚
1018 4304 1168 4359 liber
1201 4303 1268 4374 X,
1300 4308 1476 4376 caput
1502 4322 1680 4358 xxxiv.
