3173 5096
412 674 529 738 bat
559 690 711 738 cum
758 672 1000 738 ovibus
1042 673 1255 753 patris
1288 674 1391 738 sui
1429 693 1442 737 ε
1486 690 1639 737 nam
1685 674 1960 757 gregem
2006 676 2157 757 ipsa
2187 679 2537 758 pascebat.
2573 664 2576 669 ’

410 798 618 874 Quam
678 814 831 863 cum
876 797 1163 862 vidisset
1209 796 1422 862 Jacob
1468 800 1536 862 et
1571 798 1784 863 sciret
1823 800 2304 865 consobrinam
2352 794 2545 868 suam

411 939 714 1004 ovesque
747 921 969 988 Laban
1005 923 1318 988 avunculi
1350 922 1484 998 sui,
1518 922 1771 988 amovit
1800 922 2100 1004 lapidem
2126 941 2260 1006 quo
2299 931 2545 1008 puteus

411 1048 877 1115 claudebatur.
938 1048 1019 1112 Et
1074 1046 1414 1128 adaquato
1455 1064 1664 1131 grege
1731 1052 2083 1116 osculatus
2137 1056 2244 1117 est
2296 1070 2467 1118 eam.
2510 1068 2541 1111 s>

411 1173 593 1249 Quae
624 1173 852 1238 omnia
899 1172 1222 1237 Benotius
1258 1140 1544 1253 picturis
1575 1171 1869 1239 fideliter
1894 1175 2383 1256 interpretatus
2411 1182 2541 1242 est.

414 1295 545 1363 Hic
580 1314 744 1363 vero
796 1301 984 1363 certe
1030 1297 1508 1363 consobrinam
1550 1297 1761 1363 Jacob
1799 1299 2151 1364 osculatur
2188 1304 2542 1382 antequam

412 1421 838 1504 adaquentur
872 1438 1151 1503 pecora.
2390 1515 2396 1521 .

503 1543 757 1613 Deinde
824 1544 1040 1612 Jacob
1104 1551 1171 1612 et
1243 1545 1469 1610 Laban
1533 1544 1713 1608 inter
1766 1560 1839 1607 se
1905 1544 2411 1624 colloquuntur,
2480 1546 2547 1609 a't

410 1670 633 1751 pictor
672 1670 869 1737 dolos
914 1688 1152 1737 omnes
1214 1687 1388 1752 quos
1448 1668 1735 1733 invicem
1776 1666 1984 1734 Jacob
2035 1668 2544 1750 avunculnsque

412 1795 543 1859 sibi
583 1800 858 1862 nectunt
898 1795 1224 1879 effingere
1259 1812 1389 1860 non
1423 1796 1718 1876 poterat.
1760 1790 1829 1855 In
1873 1793 2096 1857 media
2130 1797 2325 1874 partc
2360 1794 2547 1859 tabu'-

411 1920 517 1986 lae
557 1920 769 1986 Jacob
812 1921 1095 2003 ejusque
1150 1919 1717 1986 consobrinarum
1770 1917 2042 1997 nuptiae
2086 1917 2540 1983 celebrantur.

413 2040 784 2112 saltatione
836 2045 1392 2111 adolescentulus
1462 2040 1735 2124 quidam
1778 2042 2090 2105 movetur
2135 2057 2287 2106 cum
2318 2042 2547 2122 puella

412 2169 606 2252 cujus
641 2146 853 2254 longa*
894 2169 1108 2236 vestis
1159 2169 1431 2235 decoris
1478 2172 1544 2234 et
1585 2167 1887 2232 sinuosis
1926 2165 2116 2248 rugis
2150 2164 2539 2231 inflectitur:

411 2294 599 2360 Aliae
633 2295 900 2377 puellae
924 2293 1178 2376 ¹junctis
1208 2294 1521 2358 manibus
1556 2292 1624 2354 in
1653 2292 1907 2357 choros
1933 2291 2336 2372 irrumpunt.
2368 2289 2547 2356 lnter

362 2396 366 2399 Α
413 2431 708 2496 sponsas
735 2414 932 2480 sedet
965 2413 1175 2480 Jacob
1200 2412 1398 2496 cujus
1438 2413 1678 2478 dextra
1703 2430 1946 2478 manus
1973 2414 2038 2476 in
2059 2413 2217 2478 Liae
2244 2411 2545 2479 humeris

410 2539 768 2616 recumbit,
824 2540 1103 2605 sinistra
1144 2556 1310 2605 vero
1359 2539 1656 2605 molliter
1705 2537 1957 2605 Rachel
2001 2538 2283 2605 dextrae
2334 2537 2546 2621 impli‘-

411 2669 628 2730 catur.
665 2663 848 2728 Liam
904 2666 1034 2730 etsi
1079 2663 1292 2730 refert
1339 2664 1555 2729 Biblia
1594 2665 1799 2748 lippis
1845 2665 2064 2730 oculis
2111 2662 2324 2729 fuisse
2365 2663 2545 2728 baud

408 2788 768 2855 informem
814 2790 1039 2870 pictor
1090 2788 1300 2865 finxit,
1347 2758 1814 2871 pulchriorem
1862 2805 2027 2855 vero
2070 2788 2322 2854 Rachel
2372 2804 2544 2869 quae

410 2917 559 2978 crat
611 2937 643 2970 «
694 2911 950 2978 decora
996 2908 1090 2998 (1)
1142 2911 1318 2983 facie
1377 2915 1443 2977 ct
1497 2916 1787 2977 venusto
1845 2914 2128 2993 aspectu
2182 2935 2241 2972 ».
2291 2909 2545 2976 Puellis

411 3038 545 3101 illis
581 3053 754 3118 quae
791 3053 1009 3118 nuper
1048 3053 1214 3102 oves
1247 3012 1626 3118 pascebant
1667 3037 1839 3100 mira
1881 3040 1988 3101 est
2022 3035 2384 3119 elegantia.

501 3159 665 3225 Post
712 3162 982 3242 nuptias
1033 3159 1244 3226 Jacob
1291 3177 1442 3225 cum
1500 3177 1749 3226 socero
1793 3161 2200 3234 altercatur;
2255 3159 2544 3240 denique

410 3284 989 3350 Labanvidemus
1041 3286 1152 3366 qui
1200 3302 1236 3351 e
1285 3283 1464 3350 filiae
1523 3285 1966 3350 tabernaculo
2028 3283 2377 3368 egreditur
2429 3283 2545 3347 ubi

412 3408 637 3473 ablata
657 3407 843 3472 idola
866 3423 939 3472 se
964 3412 1389 3489 reperturum
1418 3409 1673 3474 frustra
1703 3411 2128 3491 speraverat.
2160 3407 2344 3472 Haec
2366 3408 2544 3472 enim

410 3535 517 3597 est
554 3530 808 3596 Bibliae
847 3532 1188 3596 narratio:
1224 3556 1255 3588 «
1293 3529 1600 3597 Surrexit
1624 3529 1804 3617 (2)...
1847 3532 2058 3596 Jacob
2097 3536 2165 3595 et
2203 3528 2545 3610 impositis

411 3657 645 3722 liberis
673 3671 753 3720 ac
781 3654 1187 3738 conjugibus
1215 3656 1360 3720 suis
1389 3673 1598 3737 super
1620 3657 1942 3733 cameIOS,
1972 3656 2217 3720 abiit...
2251 3654 2347 3719 Eo
2375 3657 2544 3719 tema-

410 3796 579 3862 pore
610 3783 759 3844 erat
785 3778 1008 3844 Laban
1042 3779 1122 3843 ad
1158 3779 1538 3845 tondendas
1566 3797 1757 3858 oveS‚
1791 3784 1859 3846 et
1891 3779 2143 3845 Rachel
2180 3777 2404 3844 furata
2436 3781 2547 3845 'est

412 3904 593 3969 idola
621 3906 835 3986 patris
868 3903 1056 3969 sui...
1093 3885 1452 3988 Ingressus
1495 3906 1727 3987 itaque
1764 3905 1989 3970 Laban
2031 3899 2543 3969 tabernaculum

409 4027 618 4094 Jacob
656 4032 723 4093 ct
754 4028 933 4107 Liae,
966 4033 1033 4093 et
1067 4030 1419 4111 utriusque
1456 4027 1746 4096 famulae
1777 4047 1907 4095 non
1935 4030 2209 4098 invenit.
2248 4027 2542 4109 Cumque

489 4204 566 4274 (l)
593 4205 751 4258 Liber
774 4205 1009 4274 GenesiS‚
1038 4211 1213 4277 caput
1244 4223 1385 4270 xxix,
1428 4209 1507 4265 ¹7.

483 4295 556 4362 (2)
590 4294 743 4347 Liber
770 4293 1006 4363 GenesiS,
1040 4300 1218 4366 caput
1250 4313 1389 4362 xxm,
1426 4301 1507 4362 17,
1543 4299 1628 4352 35.
