3173 5096
1530 516 1891 582 -58-

626 684 940 775 ¹septima
991 688 1243 753 tabula.
1296 712 1327 746 «
1364 687 1575 771 Igitur
1607 687 1693 773 (1)
1728 686 1943 763 Sara‘i‚
1993 704 2162 753 uxor
2199 687 2448 753 Abram
2478 705 2609 753 non
2662 706 2776 773 ge-

616 890 617 893 *
649 816 892 877 nuerat
930 813 1211 891 liberOS,
1247 804 1368 879 sed
1410 812 1671 878 liabens
1721 812 2039 877 ancillam
2069 787 2466 896 Aegyptiam
2507 814 2776 879 nomine

647 937 848 1020 Agar,
895 936 1064 1003 dixit
1120 937 1363 1004 marito
1415 954 1592 1003 suo:
1632 937 1811 1003 Ecce
1863 935 2203 1003 conclusit
2251 955 2357 1004 me
2411 936 2769 1014 DominuS‚

641 1079 725 1128 ne
765 1078 1079 1145 parerem
1122 1081 1136 1126 :
1182 1061 1543 1146 ingredere
1586 1061 1670 1126 ad
1702 1062 2014 1128 ancillam
2057 1079 2300 1141 meam,
2338 1064 2397 1128 si
2428 1061 2604 1128 forte
2637 1063 2774 1128 sal-

640 1190 776 1251 tem
819 1203 903 1252 ex
951 1186 1066 1263 illa
1127 1187 1500 1268 suscipiam
1555 1183 1758 1250 filios.
1814 1209 1844 1243 »
1898 1184 2159 1254 Acerbe
2216 1187 2395 1271 Agar
2468 1185 2777 1252 subridet

639 1305 798 1369 dum
845 1297 981 1371 tale
1034 1303 1395 1371 consilium
1454 1306 1656 1373 affert
1718 1309 2235 1393 obstupescenti
2302 1311 2546 1377 marito
2592 1327 2607 1373 :
2652 1326 2771 1374 an-

528 1431 534 1437 '
637 1430 794 1494 cilla
844 1447 1010 1496 vero
1062 1431 1449 1496 decussatis
1484 1431 1551 1495 in
1601 1437 1883 1515 pectore
1925 1431 2237 1496 manibus
2278 1431 2361 1496 ad
2417 1431 2774 1512 obtempe-

637 1554 921 1623 randum
987 1555 1302 1620 dominae
1353 1556 1688 1621 voluntati
1752 1573 1828 1622 se
1896 1555 2151 1622 fatetur
2199 1559 2506 1637 paratam
2577 1571 2762 1620 esse.

634 1677 792 1742 Mox
839 1695 1005 1744 vcro
1070 1677 1301 1743 Saram
1348 1679 1413 1742 in
1473 1680 1896 1746 tabernaculi
1946 1681 2176 1747 limine
2230 1678 2539 1746 videmus
2593 1696 2767 1761 quae

635 1802 922 1880 ancillae
960 1802 1240 1869 invidet
1290 1806 1357 1868 et
1410 1803 1752 1870 irascitur.
1792 1829 1824 1864 «
1872 1805 2038 1870 Nam
2078 1805 2196 1870 illa
2236 1802 2327 1891 (2)
2363 1805 2767 1885 concepisse

622 1942 709 1990 “se
751 1926 989 1992 videns
1035 1926 1349 2009 despexit
1387 1927 1727 1993 dominam
1773 1946 1990 1994 suam.
2044 1929 2220 1993 Dixit
2255 1945 2386 2010 que
2440 1927 2629 1993 Sara’i
2680 1929 2765 1993 ad

628 2051 883 2117 ‘Abram
918 2069 932 2116 :
963 2053 1196 2134 Inique
1225 2053 1374 2139 agis
1406 2054 1647 2120 contra
1664 2070 1769 2119 me
1803 2073 1818 2119 :
1858 2070 1989 2138 ego
2018 2053 2176 2120 dedi
2204 2053 2515 2118 ancillam
2545 2058 2764 2117 meam

624 2178 695 2239 *in
735 2179 954 2242 sinum
996 2181 1182 2242 tuum
1227 2195 1241 2239 :
1286 2194 1459 2260 quae
1509 2177 1750 2243 videns
1799 2176 1977 2259 quod
2032 2173 2451 2254 conceperit,
2480 2171 2766 2252 despec-

633 2301 730 2364 tui
767 2317 872 2366 me
906 2301 1132 2380 babet,
1171 2300 1434 2384 Judicet
1481 2302 1805 2368 Dominus
1855 2303 2032 2367 inter
2084 2316 2190 2365 me
2237 2304 2305 2364 et
2342 2302 2429 2363 te.
2472 2294 2591 2362 Cui
2621 2313 2764 2363 res·

634 2425 938 2505 pondens
984 2424 1229 2491 Abram
1277 2443 1290 2488 :
1330 2425 1532 2503 Ecce,
1568 2428 1684 2504 ait,
1731 2426 1977 2492 ancilla
2011 2429 2126 2490 tua
2156 2425 2224 2488 in
2251 2424 2599 2488 manutua
2624 2423 2755 2499 est,

628 2554 822 2617 utere
867 2569 949 2618 ea
993 2555 1065 2617 ut
1100 2552 1285 2618 libet.
1329 2576 1360 2609 »
1402 2544 1573 2617 Tum'
1617 2554 1761 2618 sine
1804 2568 1998 2616 mora
2029 2548 2342 2615 ancillam
2393 2564 2594 2629 quam
2643 2564 2757 2613 ca-

630 2677 811 2758 pillis
857 2678 1188 2759 corripuit
1237 2675 1494 2742 frustra
1538 2678 1974 2743 resistentem
2020 2678 2218 2740 vetus
2266 2671 2432 2738 Sara
2492 2672 2755 2738 nodoso

623 2799 782 2867 fune
823 2804 1161 2868 violenter
1190 2803 1510 2883 percutit.
1548 2826 1578 2859 «
1607 2794 2084 2885 Affligenteffi)
2118 2798 2323 2882 igitur
2374 2813 2525 2862 eam
2565 2794 2752 2860 Sara'i

498 2929 501 2936 ’
610 2923 852 3009 *sugam
883 2928 1052 2992 iniit.
1089 2952 1119 2984 »
1153 2926 1626 2992 Discedentem
1655 2925 1833 3009 Agar
1857 2924 2169 2990 videmus
2200 2938 2374 3005 quae
2418 2918 2628 2987 Sarae
2657 2921 2756 2985 la-

609 3051 1063 3116 ‘bernaculum
1123 3049 1482 3117 fastidiose
1548 3052 1857 3131 respicit.
1904 3048 2202 3132 Angelus
2255 3049 2547 3129 quatuor
2608 3046 2753 3111 alas

624 3175 885 3241 habens
915 3178 985 3241 ut
1025 3176 1226 3240 citius
1269 3174 1541 3241 advolet
1575 3191 1725 3240 eam
1746 3173 1942 3257 jubet
1982 3172 2065 3237 ad
2107 3171 2446 3236 dominam
2476 3169 2747 3235 reverti.

711 3299 779 3364 ln
809 3300 1031 3365 media
1063 3304 1256 3380 parte
1296 3269 1564 3365 tabulae
1596 3298 1935 3363 Abraham
1977 3297 2059 3361 ad
2081 3297 2296 3379 pedes
2326 3296 2523 3359 trium
2553 3310 2754 3378 ange-

604 3427 841 3491 ·lorum
880 3425 1263 3506 procumbit
1287 3424 1400 3506 qui
1433 3422 1517 3488 ad
1543 3437 1699 3488 eum
1725 3420 2152 3487 invisendum
2176 3422 2526 3487 venerunt.
2552 3416 2753 3500 Fugit

610 3551 818 3632 'lepus
867 3550 1299 3631 patriarchae
1355 3548 1643 3632 genibus
1703 3545 2048 3612 submisso
2115 3544 2431 3621 illudenS‚
2495 3545 2562 3608 et
2617 3542 2750 3608 levi

607 3676 797 3740 ‘saltu
859 3676 1076 3741 rivum
1126 3690 1462 3755 superans
1503 3673 1568 3737 in
1609 3688 1744 3754 quo
1800 3670 1995 3735 albae
2042 3671 2274 3733 natant
2316 3671 2555 3733 anates
2591 3667 2748 3732 dum

604 3798 687 3859 in
725 3799 872 3879 ripa
919 3798 1150 3878 quieta
1198 3813 1402 3862 cerva
1446 3796 1775 3877 pascitur.
1833 3793 1903 3857 ln
1944 3792 2184 3858 dextra
2229 3794 2424 3873 parte
2478 3790 2747 3855 tabulae

620 3921 747 3986 sub
805 3938 1099 4001 quercus
1164 3920 1403 3986 umbra
1463 3920 1687 4003 angeli
1756 3936 1910 3983 cum
1977 3917 2314 3982 Abraham
2363 3914 2742 3997 prandent:

752 4139 765 4201 )
799 4133 956 4185 Liber
989 4132 1227 4198 Genesi&
1261 4137 1437 4202 caput
1463 4148 1570 4198 xvi,
1603 4135 1651 4196 1,
1681 4135 1732 4185 2.

753 4239 765 4289 )
796 4222 952 4274 Liber
976 4222 1215 4288 δεηθείς,
1243 4212 1418 4291 οεῆωἱ
1443 4237 1552 4284 xw,
1586 4221 1638 4285 4,
1665 4225 1719 4286 fi,
1753 4225 1803 4274 6.

691 4133 737 4202 (’1

692 4225 744 4283 (2

691 4316 762 4384 t3)
796 4311 955 4365 Liber
983 4311 1222 4379 Genesi&
1254 4315 1429 4380 caput
1456 4326 1565 4375 xvi,
1595 4311 1644 4363 6.
