3173 5096
1267 534 1628 595 ..mm

378 722 458 772 ne
495 722 736 772 manus
781 707 1148 789 rigescant,
1196 706 1552 784 utramque
1597 702 1866 766 tunicae
1922 703 2306 767 manuleam
2346 703 2511 767 co'n-

368 829 619 912 junxit3
680 831 923 896 oculos
976 846 1141 895 vero
1204 828 1421 895 tendit
1477 826 1562 893 ad
1622 828 2028 892 monachum
2084 828 2197 908 qui
2238 826 2538 909 Beatum*

375 954 798 1019 Dominicum
862 954 1195 1035 sequitur.
1258 951 1614 1033 Fratribus
1672 951 1852 1017 enim
1917 950 2517 1018 praedicatoribus

376 1079 630 1144 lautum
677 1080 787 1143 est
833 1078 1136 1159 pallium.
1198 1076 1611 1142 Franciscus
1664 1091 1830 1142 vero
1869 1073 2008 1158 jam
2048 1074 2515 1143 modicissimo

286 1293 293 1298 Β
374 1174 786 1274 vestimento
821 1203 1120 1267 induitur
1142 1200 1331 1283 ‘quod
1364 1199 1613 1267 Christi
1645 1198 2314 1282 imitatoremdecet.
2351 1199 2519 1264 Nam

377 1327 486 1392 die
526 1327 816 1408 quodam
880 1328 1115 1395 audito,
1165 1325 1532 1416 Evangelio
1579 1349 1612 1382 «
1662 1325 1866 1392 solvit
1919 1320 2015 1409 (l)
2058 1323 2345 1406 proinde
2388 1323 2525 1389 c.al-.

377 1455 734 1517 ceamenta
768 1452 850 1517 de
893 1434 1211 1534 pedibus}
1270 1451 1552 1533 deponit
1600 1446 1941 1528 baculum,
1982 1457 2217 1530 peram
2254 1448 2515 1532 rejecit,

380 1577 448 1640 et
471 1576 831 1656 pecuniam
847 1580 1233 1651 execratur,
1261 1583 1523 1657 unaque
1543 1577 1904 1642 contentus
1922 1569 2242 1656 tunicula,
2263 1572 2521 1656 rejecta

378 1700 695 1782 corrigia,
736 1716 861 1781 pro
895 1700 1171 1784 cinguto
1214 1699 1440 1766 funem
1479 1700 1686 1765 sumit
1746 1723 1804 1763 ».
2453 1701 2460 1706 ’

387 1889 390 1894 ,
473 1824 543 1887 ln
588 1824 1081 1905 tabula‘quinta
1123 1826 1472 1915 somnians
1505 1841 1686 1906 papa
1720 1822 2159 1890 Franciscu'm
2189 1823 2522 1904 videt1qui

382 1952 729 2019 nutantem
801 1948 1182 2015 Ecclesiam
1260 1953 1623 2014 sustentat.
1699 1947 2052 2014 Custodes.
2099 1947 2255 2012 dno.¹
2299 1952 2522 2027 prope

384 2071 727 2154 pontilicis
763 2074 1012 2142 lectum
1048 2073 1290 2141 sedent
1319 2090 1610 2154 quorum
1649 2090 1821 2138 unus
1862 2089 2103 2140 somno
2158 2073 2516 2154 premitur..

380 2198 450 2261 ln
518 2201 712 2280 parte
785 2197 1023 2271 dextra
1097 2198 1368 2264 tabula-e
1450 2197 1862 2263 Franciscus
1937 2205 2153 2279 papae
2218 2195 2517 2264 Honorio

383 2323 689 2405 regulam
767 2324 1028 2388 ordinis
1102 2321 1634 2398 confirmandam
1710 2320 1936 2392 offert.
2002 2320 2086 2387 At
2152 2321 2517 2388 cardinalis

379 2446 733 2531 cujusdam
770 2464 852 2513 os
905 2451 1264 2529 torquetur
1319 2451 1385 2514 et
1421 2447 1720 2514 =,inferius
1788 2447 2039 2513 labium
2090 2445 2512 2530 produciturt

379 2574 543 2638 Nam
578 2574 883 2642 meminit
912 2573 1233 2640 Benotius
1261 2570 1328 2636 S.
1370 2573 1914 2640 Bonaventuram
1955 2571 2037 2639 de
2072 2573 2203 2649 alio
2246 2572 2518 2653 quidem

379 2698 723 2780 pontifice,
805 2697 1199 2765 Innocentio
1268 2698 1376 2776 111,
1448 2697 1859 2765 referentem
1918 2715 1932 2761 :
2004 2722 2035 2755 «
2100 2697 2371 2765 Distulit
2423 2690 2568 2782 (2)'

377 2822 711 2905 perficere
757 2823 938 2906 quod
996 2822 1243 2889 Christi
1292 2824 1684 2905 postulabat
1724 2822 2210 2904 pauperculus,
2265 2839 2389 2902 pro
2430 2839 2515 2888 eo

378 2950 560 3031 quod
605 2950 946 3031 aliquibus
979 2950 1062 3014 de
1115 2949 1578 3014 cardinalibus
1615 2965 1865 3014 novum
1910 2945 2165 3028 aliquid
2202 2950 2272 3012 et
2312 2964 2520 3028 supra

378 3073 562 3138 vires
598 3076 929 3139 humanas
961 3074 1246 3139 arduum
1288 3072 1659 3139 videretur.
1706 3096 1737 3128 »

467 3195 539 3259 ln
592 3197 821 3262 tabula
870 3202 1066 3264 sexta
1136 3198 1570 3278 expelluntur
1628 3195 2000 3261 daemones
2054 3194 2168 3276 qui
2213 3190 2519 3259 Aretium

375 3320 891 3402 perturbabant.
949 3319 1274 3386 Munilam
1337 3321 1678 3387 civitatem
1741 3318 2053 3383 videmus
2118 3316 2313 3400 cujus
2364 3316 2521 3382 altis

378 3444 736 3510 moenibus
777 3444 1018 3526 pinnae
1062 3445 1370 3528 adjectae
1410 3450 1590 3512 sunt.
1626 3445 1878 3512 Hortus
1907 3449 2015 3511 est
2049 3447 2519 3510 extramuros

378 3569 491 3633 ubi
535 3554 946 3634 Franciscus
981 3585 1158 3653 genu
1199 3571 1396 3635 nixus
1438 3571 1646 3636 Deum
1697 3574 2044 3652 precatur,
2094 3569 2250 3633 dum
2282 3568 2519 3633 Frater

378 3691 704 3761 Silvester
744 3696 937 3758 stans
975 3697 1205 3759 rectus
1246 3712 1415 3761 voce
1454 3711 1790 3776 manuque
1829 3695 2023 3779 jubet
2071 3693 2444 3759 daemones
2482 3709 2521 3757 a

382 3820 655 3884 civitate
711 3819 1062 3885 recedere.
1117 3819 1440 3885 Benotius
1510 3818 1575 3883 S.
1640 3818 2180 3884 Bonavcnturam
2241 3821 2519 3883 secutus

386 3966 417 3999 «
465 3943 931 4009 columbinam
970 3940 1068 4029 (3)
1126 3944 1632 4025 simplicitatem
1679 3970 1708 4002 »
1762 3943 1975 4009 Fratri
2031 3943 2360 4010 Silvestre
2399 3943 2519 4009 tri·

480 4154 525 4225 l)
561 4156 809 4222 Leqenda
840 4156 896 4209 S.
934 4157 1229 4221 Francisce‘,
1262 4160 1437 4228 caput
1463 4173 1541 4209 111.

473 4244 523 4311 ’2)
563 4245 807 4311 ίεῃεηάιι
842 4245 897 4299 S.
936 4247 1233 4312 Francisce‘,
1267 4250 1438 4316 capul
1469 4263 1548 4299 ιιι.

473 4333 523 4402 3)
560 4333 809 4400 Leqencla
840 4335 897 4387 S.
931 4335 1235 4400 mecisci,
1268 4340 1442 4405 caput
1476 4352 1545 4387 vu.

448 4154 462 4223 <

447 4244 462 4314 (

451 4334 465 4401 (
