3173 5096
1269 499 1626 579 -41—

378 688 635 772 arripui
667 687 1136 754 venerabilem
1183 687 1431 768 stylum
1474 686 1768 769 Spiritus
1801 673 1898 753 tui
1942 691 2009 753 et
2056 704 2221 769 prae
2253 684 2518 751 ’ceteris

379 813 772 896 apostolum
805 811 1088 877 Paulum
1101 859 1235 875 .....
1267 835 1309 869 »·
1328 795 1864 893 Doctoris'pileo*
1894 800 2548 894 adhuc-caputque

377 938 676 1022 cingitur
707 934 832 1003 sed
870 934 1138 1003 divinae
1166 936 1340 1002 lucis
1381 935 1592 1001 radiis
1620 933 1760 1016 jam
1779 937 2104 1003 collucet.
2152 935 2294 1001 Stat
2324 921 2517 1018 juxta

379 1043 535 1127 'eum
597 1062 858 1126 amicus
912 1047 1194 1142 Alypius
1259 1059 1593 1125 doctoris
1642 1041 2155 1143 veste‘pariter
2210 1059 2511 1125 indutus.

378 1193 412 1242 ἀ
446 1184 774 1251 Hortulus
799 1180 892 1271 (1)
934 1182 1209 1265 quidam
1253 1187 1404 1251 erat
1433 1185 1717 1269 hospitii
1760 1175 2000 1261 nostri,
2040 1201 2175 1266 quo
2214 1171 2341 1249 nos
2361 1188 2512 1249 'ute-

378 1310 626 1376 bamur
656 1310 835 1375 sicut
859 1311 1005 1374 tota
1043 1300 1270 1374 domo.
1314 1332 1346 1366 »
1377 1306 1564 1373 Stant
1596 1299 1773 1374 enim
1792 1298 2081 1391 juvenes
2114 1308 2240 1374 sub
2282 1307 2522 1373 umbra

375 1417 653 1500 arboris
690 1439 758 1501 et
789 1436 855 1500 in
882 1435 1216 1519 proximis
1247 1434 1514 1499 rosaria
1540 1436 1722 1499 sunt.
1747 1432 1829 1499 At
1854 1425 2281 1518 Augustinus
2310 1431 2550 1499 flores

379 1569 514 1624 non
546 1563 840 1642 spectat,
873 1577 957 1627 nc
992 1559 1213 1626 amico
1242 1557 1515 1641 quidem
1545 1575 1783 1625 aurem
1813 1558 2125 1641 praebet,
2157 1557 2280 1625 sed
2313 1561 2519 1639 caput

379 1671 596 1749 laeva-
630 1701 830 1750 manu
886 1672 1083 1750 fulcit
1141 1683 1387 1749 similis
1440 1684 1719 1749 dolenti.
1768 1682 1952 1749 Haec
2010 1682 2190 1748 forte
2253 1683 2518 1767 legerat

376 1793 735 1874 Benotius:
781 1833 812 1866 «
853 1797 1105 1875 Dolore
1142 1804 1240 1894 (2)
1274 1806 1571 1874 dentium
1618 1812 1779 1873 tunc
1808 1807 2273 1873 excruciabas
2301 1799 2452 1873 me.⁴
2479 1817 2510 1866 ›·›

383 1930 513 1998 Sed
567 1935 711 1998 tum
759 1950 895 1998 non
946 1934 1126 1998 tristi
1189 1933 1432 1998 morbo
1490 1934 1772 2017 languet
1828 1921 2143 2010 affectuS‚
2201 1932 2514 1998 turbatae

380 2058 616 2138 potius
671 2058 917 2123 mentis
976 2057 1113 2121 illis
1172 2057 1546 2140 angoribus
1610 2055 1907 2122 afficitur
1964 2057 2236 2138 quibus·
2275 2043 2511 2122 omnes

380 2180 873 2246 laboraverunt
910 2196 1063 2246 cum
1104 2181 1283 2247 inter
1320 2196 1510 2261 spem
1547 2180 1959 2262 dubiumque
1995 2171 2316 2262 'suspensi
2355 2179 2518 2262 quid

379 2304 471 2370 'sit
505 2321 741 2371 verum
771 2308 1201 2387 quaererent.
2362 2296 2365 2299 ’

471 2428 544 2493 ln
595 2429 829 2495 tabula
886 2428 1241 2496 undecima
1278 2429 1697 2515 Augustinus
1748 2429 1834 2495 ab
1873 2429 2233 2495 Ambrosio
2292 2430 2516 2512 bapti-

383 2559 616 2634 zatur;
694 2554 916 2621 nudus
988 2555 1183 2638 juxta
1261 2540 1719 2622 marmoreum
1795 2555 2058 2620 labrum
2147 2554 2517 2620 submissis

384 2679 672 2763 genibus
698 2678 1090 2764 junctisque
1137 2681 1446 2746 manibus
1480 2698 1726 2762 aquam
1757 2681 1822 2744 in
1853 2680 2047 2763 larga
2082 2681 2328 2761 capitis
2364 2674 2517 2744 ton'-

384 2820 552 2869 sura
615 2803 1034 2870 resilientem
1104 2805 1373 2886 accipit.
1434 2803 1597 2886 EJus
1660 2803 2069 2870 vestimenta
2139 2804 2517 2868 monachus

383 2927 657 3009 quidam
697 2929 765 2992 in
794 2928 1104 2994 manibus
1140 2931 1328 2994 tenet
1352 2933 1510 3010 post
1538 2929 2063 3010 baptizationem
2096 2917 2511 3006 redditurus,

380 3055 451 3116 at
508 3052 863 3133 pristinam
927 3053 1338 3136 elegantiam
1402 3056 1681 3118 sanctus
1741 3054 1862 3118 vir·
1916 3059 2275 3133 nunquam·
2315 3060 2515 3118 'recu-

380 3175 670 3257 perabit.

380 3338 381 3341 =
470 3298 540 3361 ln
573 3299 856 3365 sinistra
873 3303 1071 3381 parte
1102 3301 1374 3368 tabulae
1395 3300 1843 3368 duodecimae
1860 3292 2312 3385 Augustinum
2329 3301 2519 3368 vide-

382 3439 534 3488 mus
580 3422 794 3505 quiin
826 3426 1141 3491 monachi
1191 3427 1429 3492 babitu
1472 3426 1669 3510 juxta
1719 3426 1931 3491 maris
1980 3398 2196 3508 ripam
2236 3423 2519 3490 medila-

381 3546 654 3613 bundus
695 3547 1015 3613 ambulat.
1068 3549 1209 3614 Etsi
1249 3560 1632 3634 generosus
1666 3550 1919 3615 Christi
1971 3547 2264 3614 famulus
2297 3546 2519 3613 factus

382 3675 511 3748 est,
562 3672 1045 3755 theologorum
1090 3674 1433 3740 obscurae
1477 3674 1758 3756 saepius
1805 3673 2323 3739 controversiae
2372 3670 2521 3754 ejus

371 3796 680 3861 animum
712 3796 1122 3875 sollicitant3
1160 3796 1483 3880 mysteria
1513 3814 1720 3863 sacra
1768 3799 2115 3863 scrutatur
2145 3799 2214 3863 et
2236 3808 2518 3880 'gravem

380 3903 661 3985 sanctae
702 3920 1051 3986 Trinitatis
1092 3920 1564 4001 quaestionem
1607 3932 1841 3986 secum
1887 3920 2148 4004 agitatx
2174 3918 2304 3988 Sed
2348 3919 2517 3987 divi-

366 4037 510 4108 'nus
552 4058 722 4124 puer
759 4043 955 4111 adest
994 4045 1131 4127 qui,
1164 4061 1378 4125 parva
1407 4042 1607 4111 fovea
1647 4044 1712 4107 in
1750 4061 1957 4110 arena
1987 4042 2272 4123 effossa,
2308 4047 2517 4114 totam

458 4219 529 4288 (1)
565 4220 967 4287 confessioneS‚
1000 4218 1150 4275 liber
1175 4218 1315 4286 Vlll,
1343 4225 1519 4290 caput
1550 4237 1664 4274 vm.

458 4306 534 4377 (2)
570 4308 964 4378 confessioneS,
998 4306 1146 4365 liber
1178 4307 1272 4376 lX,
1305 4314 1477 4381 capul
1507 4324 1577 4363 iv.
