3173 5096
1270 1175 1771 1249 CONCLUSIO

541 1535 800 1602 Benotii
859 1536 1162 1616 picturas
1217 1535 1526 1617 quisquis
1554 1580 1557 1581 f
1588 1537 1975 1601 summatim
2050 1539 2577 1618 contemplatur,
2679 1590 2684 1591 ν

448 1660 597 1744 ejus
636 1660 887 1743 ingenii
919 1660 1263 1726 lenitatem
1301 1665 1369 1725 et
1404 1661 1842 1727 serenitatem
1875 1664 2240 1745 praecipue
2271 1663 2576 1728 miratur.

450 1786 709 1868 Quippe
750 1786 1042 1849 animum
1092 1786 1388 1850 mulcent
1436 1802 1669 1850 earum
1724 1788 1998 1852 colores
2038 1790 2106 1852 et
2143 1788 2574 1864 lineamenta,

449 1925 911 1990 amoenosque
971 1910 1149 1974 ruris
1210 1892 1649 1990 prospectus,
1703 1910 2103 1990 caelumque
2167 1909 2581 1990 profundum

448 2032 628 2112 quod
668 2032 867 2097 albae
898 2031 1204 2096 dividunt
1238 2031 1475 2096 nubes.
1515 2032 1732 2097 Etiam
1756 2033 1821 2096 in
1854 2034 2114 2113 tabulis¹
2145 2050 2316 2115 quae
2347 2034 2579 2099 tristes

449 2160 731 2222 eventus
798 2157 1018 2222 oculis
1086 2162 1433 2238 exponunt
1500 2173 1662 2237 pars
1726 2157 1952 2239 aliqua
2023 2157 2105 2222 ad
2155 2163 2578 2240 spectantem

446 2280 647 2346 dulce
702 2280 900 2346 ridet.
971 2279 1355 2363 Sapientiae
1429 2281 1758 2363 magister
1809 2283 2031 2347 nullus
2095 2300 2387 2364 unquam
2455 2283 2583 2348 fuit

444 2403 725 2470 Benotio
769 2405 1147 2470 amabilior.
1195 2404 1490 2470 Consilia
1528 2405 1831 2472 breviter
1869 2408 2274 2473 contrahere
2307 2409 2581 2473 conabi-

444 2546 595 2593 mur
629 2545 800 2611 quae
839 2529 1037 2596 nobis
1069 2529 1185 2596 dat
1213 2531 1437 2612 pictor
1463 2530 1548 2597 ad
1581 2530 2013 2616 pugnandum
2043 2547 2196 2597 cum
2237 2533 2578 2598 aerumnis

447 2658 515 2718 et
554 2654 874 2720 utendum
909 2655 1110 2719 bonis
1149 2655 1397 2736 quibus
1431 2657 1496 2719 in
1538 2656 1645 2720 bis
1688 2657 1889 2722 terris
1930 2655 2287 2722 afficimur.

534 2777 705 2842 Mala
758 2782 914 2844 sunt
965 2779 1210 2861 quibus
1263 2781 1577 2845 voluntas
1634 2785 1870 2845 nostra
1924 2782 2143 2863 impar
2201 2785 2327 2857 est,
2403 2783 2581 2847 sicut

444 2890 724 2967 morbus
766 2904 1217 2985 corporisque
1245 2903 1600 2968 infirmitas
1632 2909 1700 2970 ct
1737 2922 1924 2970 mors
1962 2922 2135 2986 quae
2167 2905 2365 2970 nobis
2407 2907 2581 2987 opti-

442 3043 592 3091 mos
633 3027 892 3092 amicos
925 3028 1103 3108 rapit
1133 3031 1200 3092 et
1227 3028 1714 3114 nosmetipsos
1745 3028 1967 3094 adhuc
1998 3032 2221 3095 aetate
2255 3027 2579 3096 florentes

444 3151 756 3215 omnibus
796 3150 994 3216 bonis
1053 3168 1138 3217 ex
1198 3153 1571 3234 improviso
1636 3152 1953 3218 fraudare
2012 3156 2266 3236 potest.
2323 3152 2579 3237 Aegro-

442 3278 664 3339 tantes
704 3273 1024 3339 Benotius
1064 3292 1347 3357 perraro
1390 3277 1717 3358 depinxit,
1766 3294 1900 3343 non
1960 3277 2143 3359 quod
2190 3294 2418 3342 rarum
2458 3278 2575 3342 illo

441 3402 747 3480 tempore
819 3416 950 3480 quo
1042 3401 1436 3467 saeviebant
1511 3403 1662 3466 dira
1747 3401 2181 3483 pestilentiae
2260 3402 2578 3483 contagia

439 3526 832 3604 morborum
903 3525 1375 3605 spectaculum
1442 3530 1653 3603 esset,
1725 3525 1849 3591 sed
1927 3525 2106 3606 quod
2177 3526 2575 3591 Boccacium

438 3649 738 3740 imitatus
775 3649 1034 3714 animos
1095 3666 1134 3713 a
1186 3649 1518 3714 malorum
1570 3650 1987 3733 cogitatione
2038 3650 2382 3715 abducere
2415 3652 2576 3716 arti-

437 3771 638 3838 ficum
689 3778 1181 3856 poetarumque
1231 3772 1534 3838 officium
1573 3790 1732 3839 esse
1781 3774 2243 3839 existimabat.
2303 3773 2375 3837 ln
2425 3774 2576 3858 ejus

438 3897 689 3962 tabulis
733 3915 971 3964 omnes
1028 3903 1303 3980 praeter
1341 3897 1787 3964 moribundos
1829 3916 2033 3965 senes
2082 3901 2340 3981 optima
2378 3905 2574 3966 utun-

437 4024 547 4085 tur
572 4022 980 4089 valetudine.
1016 4022 1227 4088 Macie
1255 4022 1526 4105 quidem
1558 4022 1917 4088 conficitur
1943 4023 2350 4090 Franciscus
2379 4025 2572 4108 cujus

433 4148 836 4213 voluntariis
887 4149 1243 4214 tormentis
1296 4149 1519 4229 pictor
1580 4165 1819 4229 parum
1887 4148 2213 4216 delectari
2273 4150 2565 4216 videtur.

435 4269 728 4338 Serenos
758 4290 922 4339 vero
962 4275 1189 4339 vultus
1226 4289 1462 4339 eorum
1502 4271 1691 4337 fiuxit
1732 4275 1842 4355 qui
1886 4274 1967 4339 ad
2017 4276 2287 4341 ultimos
2331 4291 2568 4340 senec—
