3173 5096
1237 578 1595 642 —53—

344 752 658 831 spectare
737 748 843 815 fas
907 752 1013 816 est
1088 749 1598 815 dissimulanter
1664 745 1984 809 intuetur.
2059 742 2263 808 Cham
2341 759 2476 808 non

341 871 533 936 solus
591 876 698 937 est
751 871 909 937 dum
962 876 1225 955 patrem
1281 872 1510 937 ridens
1563 867 1888 950 adspicit3
1943 867 2227 933 fratrum
2281 866 2478 933 adest

339 1011 514 1060 unus
573 997 686 1077 qui
751 997 980 1080 gravis
1043 1001 1270 1063 manet
1330 1000 1797 1076 moestusque.
1843 991 2024 1059 Satis
2086 994 2287 1076 longe
2342 995 2478 1057 stat

336 1135 513 1184 uxor
559 1118 700 1186 Noe
750 1123 950 1204 gestu
1010 1118 1358 1186 fastidium
1406 1119 2211 1205 commiserationemque
2272 1117 2475 1199 signi-

334 1241 573 1322 ficanS‚
610 1243 768 1310 dum
808 1262 1021 1311 nurus
1065 1245 1314 1328 pudica
1353 1262 1642 1328 puerum
1682 1244 1748 1307 in
1793 1242 2053 1327 gremio
2098 1243 2339 1307 tenens
2388 1240 2472 1304 ab

336 1366 469 1432 hoc
502 1370 897 1449 spectaculo
926 1368 1240 1436 discedit.

421 1491 562 1558 Noe
627 1491 837 1558 filium
920 1498 1322 1561 exsecratus
1393 1494 1627 1560 tabula
1710 1492 2008 1559 secunda
2081 1491 2466 1572 exponitur.

336 1639 366 1672 «
412 1615 758 1700 Evigilans
786 1614 878 1705 (1)
915 1623 1143 1685 autem
1182 1618 1323 1685 Noe
1368 1636 1454 1686 ex
1491 1620 1676 1697 vin0‚
1713 1635 1865 1684 cum
1905 1616 2262 1682 didicisset
2294 1630 2468 1697 quae

331 1738 591 1806 fecerat
638 1742 701 1807 ei
745 1740 924 1808 filius
971 1761 1139 1809 suus
1193 1745 1437 1823 minor,
1469 1744 1560 1810 ait
1606 1761 1621 1808 :
1670 1741 2072 1809 Maledictus
2121 1740 2462 1817 Chanaan,

328 1881 572 1931 servus
608 1882 963 1932 servorum
1014 1869 1145 1933 erit
1193 1867 1521 1934 fratribus
1563 1867 1731 1934 suis.
1777 1895 1807 1926 »
1849 1864 1962 1933 Ira
2001 1868 2352 1932 incensum
2397 1867 2466 1930 et

327 1989 611 2054 terribili
685 1993 884 2073 gestu
951 1988 1256 2057 ferocem
1326 1992 1650 2059 Benotius
1718 1989 2179 2075 patriarcham
2252 1990 2464 2071 pinxit

321 2112 479 2178 dum
535 2110 871 2180 infelicem
920 2115 1517 2198 poenitentemque
1573 2115 1782 2182 Cham
1826 2117 1891 2180 in
1950 2115 2266 2180 chanaan
2321 2112 2457 2178 filio

320 2236 686 2303 maledicit.
722 2236 985 2305 Adsunt
1035 2244 1249 2306 mater
1305 2242 1773 2307 moestissima
1834 2244 1901 2306 et
1959 2239 2211 2307 fratres
2277 2256 2456 2305 com-

321 2361 541 2427 modis
596 2364 868 2430 minime
920 2364 1299 2448 gaudentes
1355 2382 1529 2447 quae
1580 2367 1754 2448 ipsis
1800 2364 1998 2432 affert
2042 2366 2449 2432 exsecratio.

316 2484 450 2553 Res
499 2486 613 2552 illa
654 2488 1065 2555 miserabilis
1115 2490 1180 2554 in
1217 2491 1672 2572 pulcherrima
1707 2490 1973 2573 porticu
2023 2491 2247 2575 agitur
2295 2489 2453 2555 dum

312 2611 377 2674 in
425 2614 710 2696 pergula
752 2615 1061 2695 spatiosa
1099 2614 1519 2698 floribusque
1559 2621 1800 2682 ornata
1843 2621 2250 2701 gemmatam
2287 2633 2451 2681 cau-

310 2733 466 2800 dam
497 2738 794 2818 explicat
824 2756 1000 2820 pavo
1034 2743 1100 2804 et
1131 2741 1447 2807 curiosae
1480 2741 1827 2807 ambulant
1857 2742 2149 2823 puellae.

397 2859 567 2927 Pars
611 2862 850 2929 dextra
895 2864 1165 2930 tabulae
1220 2862 1513 2931 dulcem·
1549 2865 2094 2932 patriarcharum
2136 2869 2443 2948 tempore

308 2985 510 3049 vitam
552 2989 853 3070 exponit.
888 2988 1100 3065 Quam
1144 2990 1418 3070 plurimi
1462 2991 1659 3071 pueri
1700 2994 1879 3067 sunt,
1922 3007 2209 3073 quorum
2269 3006 2445 3055 unus

304 3109 570 3174 simiam
624 3116 866 3178 catena
916 3113 1208 3180 medium
1260 3131 1514 3196 corpus
1568 3116 1880 3198 cingente
1922 3116 2212 3182 vinctam
2256 3118 2443 3181 tenet

301 3220 500 3315 eique
554 3231 845 3301 fructum
896 3238 1153 3320 objicit.
1194 3238 1541 3304 Puellulae
1590 3241 1877 3321 capillos
1930 3240 2198 3323 pectine
2250 3257 2439 3305 com-

299 3357 491 3439 ponit
517 3357 757 3424 sedula
791 3363 1009 3426 mater
1042 3360 1331 3436 sedens;
1369 3362 1685 3443 procedit
1715 3364 1846 3429 alia
1882 3364 2189 3448 hydriam
2232 3365 2436 3447 capiti

296 3479 688 3562 impositam
742 3481 975 3549 ferens
1043 3486 1201 3550 dum
1258 3484 1471 3553 filiolo
1522 3488 1674 3554 sola
1722 3489 2174 3571 brevioreque
2230 3490 2434 3555 subu·

295 3605 450 3670 cula
487 3607 723 3673 induto
773 3625 1045 3674 manum
1090 3608 1206 3674 dat
1255 3610 1451 3693 juxta
1509 3630 1585 3678 se
1631 3613 1956 3680 currenti.
2004 3612 2106 3677 Sic
2148 3614 2431 3680 aestivis

292 3732 717 3812 temporibus
778 3732 1176 3800 Pisanorum
1225 3738 1549 3815 parvulos
1609 3738 1674 3801 in
1722 3739 1998 3820 antiqua
2047 3739 2274 3820 platea
2325 3740 2429 3802 in-

290 3854 605 3921 clinatam
634 3858 816 3923 circa
850 3862 1103 3925 turrem
1135 3860 1531 3927 seminudos
1561 3865 1631 3926 et
1657 3879 1832 3928 nunc
1860 3862 2095 3929 ludere
2122 3862 2418 3929 videres,

286 3972 467 4041 Fons
533 3980 640 4042 est
704 3979 773 4042 in
829 3980 1099 4060 pictura
1164 3989 1406 4050 ornato
1468 3988 1724 4069 puteali
1792 3989 2018 4053 cincta
2071 3988 2154 4054 ad
2221 4007 2422 4072 quem

284 4099 606 4166 mulieres
646 4102 818 4169 duae
859 4111 1223 4187 venerunt;
1270 4113 1338 4175 et
1375 4108 1531 4178 illae
1567 4113 1895 4195 pupulum
1942 4114 2196 4181 liabent
2226 4114 2421 4198 quus

350 4363 425 4434 (l)
466 4364 617 4419 Liber
648 4365 884 4436 Genesar,
920 4376 1093 4443 caput
1129 4389 1196 4442 ix,
1228 4378 1316 4442 24,
1346 4379 1432 4431 25.
