3173 5096
1547 517 1894 581 -80-

660 695 821 759 tutis
879 692 1047 758 fines
1092 694 1394 774 pervecti
1449 693 1849 759 moriuntur.
1902 692 1967 758 ln
2018 713 2332 763 moerore
2383 702 2604 764 tamen
2644 714 2793 765 ver-

662 822 897 884 santur
949 820 1358 901 superstites
1412 819 1526 901 qui
1580 823 1890 885 mortuos
1950 819 2341 905 diligebant.
2393 822 2791 890 Morientem

663 942 887 1009 Gelani
925 940 1202 1010 militem
1246 944 1480 1028 lugent
1516 961 1690 1010 uxor
1730 944 2103 1027 liberique;
2145 949 2548 1014 morientem
2579 948 2791 1015 Moni-

660 1085 808 1133 cam
848 1069 1036 1152 luget
1081 1085 1253 1151 puer
1289 1067 1706 1136 Adcodatus.
1764 1070 1945 1147 Quas
1993 1072 2312 1138 lacrimas
2349 1077 2536 1140 certe
2576 1073 2793 1140 Beno-

658 1193 793 1258 tius
833 1192 1277 1258 continendas
1310 1210 1466 1260 esse
1497 1210 1626 1259 non
1666 1195 2057 1261 arbitratur.
2093 1195 2256 1262 Sunt
2296 1198 2471 1263 enim
2513 1197 2793 1264 dolores

659 1317 931 1400 quidam
971 1322 1107 1384 tam
1151 1320 1381 1385 acerbi
1420 1323 1490 1384 ut
1519 1321 1748 1401 potius
1784 1322 1875 1387 sit
1904 1337 2035 1386 non
2073 1322 2174 1387 eis
2216 1321 2562 1387 medicari.

748 1441 829 1507 At
885 1443 1125 1509 merito
1185 1445 1462 1525 saepius
1513 1443 1825 1511 infelices
1869 1463 2131 1524 sumus,
2192 1445 2471 1512 dolores
2522 1461 2799 1527 semper

662 1566 1104 1633 afferentibus
1171 1568 1378 1633 vitiis.
1442 1567 1692 1634 Dantes
1755 1573 1960 1650 poeta
2035 1573 2364 1635 nocentes
2422 1570 2488 1632 in
2554 1568 2793 1635 inferis

663 1693 927 1757 scelera
980 1692 1168 1757 duris
1226 1694 1469 1773 poenis
1513 1694 1778 1758 luentes
1818 1693 2438 1770 demonstraverat3
2478 1694 2796 1759 Benotius

663 1832 784 1880 eos
844 1815 981 1898 Jam
1057 1817 1164 1881 bis
1231 1818 1298 1880 in
1364 1818 1569 1882 terris
1627 1818 2002 1901 castigatos
2055 1818 2381 1899 depinxit.
2452 1817 2797 1900 Superbus

664 1939 926 2006 Goliatb
964 1958 1004 2005 a
1040 1957 1257 2023 puero
1313 1942 1665 2020 sternitur,
1711 1907 1960 2008 avarus
2005 1942 2216 2008 Jacob
2258 1944 2372 2025 qui
2422 1940 2613 2007 fratri
2656 1943 2798 2022 pri-

663 2066 1004 2148 mogenita
1067 2066 1179 2131 vili
1231 2067 1451 2147 pretio
1507 2072 1791 2145 emerat,
1852 2068 2120 2133 veniam
2167 2068 2511 2132 humiliter
2568 2070 2799 2147 petere

664 2191 965 2272 cogitur3
1003 2188 1204 2255 foede
1229 2189 1636 2256 interficitur
1664 2191 2052 2272 impudicus
2082 2188 2351 2258 Sicbem
2379 2211 2393 2270 3
2432 2191 2514 2256 ad
2540 2188 2800 2272 ‚Ioseph

664 2314 877 2395 pedes
917 2313 1168 2380 fratres
1222 2316 1337 2397 qui
1390 2331 1544 2380 eum
1596 2313 1912 2380 invidiosi
1953 2315 2401 2381 vendiderant
2453 2315 2801 2396 supplices

664 2440 1140 2521 procumbunt,
1196 2440 1680 2505 helluationem
1717 2440 1967 2505 acerbe
2014 2439 2337 2522 expendit
2372 2439 2586 2517 Esaii3
2624 2439 2799 2503 irato

663 2563 875 2646 Moysi
902 2566 1014 2647 qui
1048 2565 1315 2629 tabulas
1339 2565 1707 2631 testimonii
1736 2564 1941 2649 fregit
1971 2581 2260 2631 neccsse
2293 2566 2422 2631 erit
2456 2565 2801 2630 utiterum

665 2691 961 2755 montem
1023 2687 1204 2754 Sinai
1253 2690 1621 2767 ascendat3
1671 2691 2075 2756 verberibus
2125 2689 2424 2754 aflicitur
2476 2688 2801 2769 parvulus

663 2814 1077 2898 Augustinus
1117 2815 1230 2895 qui
1261 2814 1456 2898 piger
1490 2812 1615 2879 fuit
1649 2813 2045 2896 discipulus.
2087 2813 2397 2879 Praemia
2435 2814 2637 2878 etiam
2677 2810 2802 2875 Be-

668 2941 892 3005 notius
923 2939 1222 3004 ostendit
1249 2940 1570 3005 virtutum
1607 2955 1780 3021 quae
1822 2942 2085 3020 septem
2117 2937 2525 3020 capitalibus
2561 2952 2806 3019 pecea-

664 3065 754 3128 tis
807 3063 1245 3145 respondent.
1325 3063 1583 3129 Pueros
1629 3064 1897 3129 ethicen
1952 3064 2280 3147 magister
2332 3061 2481 3145 eJus
2536 3059 2805 3126 tabulas

667 3189 884 3255 oculis
934 3188 1429 3269 perlustrantes
1467 3186 1668 3253 facile
1714 3188 2018 3253 doceret.

754 3312 1068 3377 Forsitan
1105 3311 1285 3376 dicat
1321 3312 1566 3392 aliquis
1604 3313 1875 3377 ethicen
1901 3313 2086 3376 illam
2107 3312 2582 3394 pervulgatam
2616 3326 2800 3386 esse,

568 3510 571 3511 f
668 3441 734 3503 et
765 3436 1115 3502 Benotium
1148 3436 1318 3517 ipsis
1350 3438 1770 3518 argumentis
1797 3453 1974 3517 quae
2009 3438 2070 3502 ei
2103 3435 2462 3501 tractanda
2491 3436 2805 3500 commit-

667 3563 986 3628 tebantur
1042 3560 1128 3625 ad
1182 3561 1363 3623 illam
1433 3560 1812 3625 doctrinam
1880 3560 2229 3626 inductum
2297 3557 2537 3625 fuisse.
2615 3558 2803 3634 Quod

670 3686 941 3766 quidem
988 3673 1282 3750 fatemur
1315 3685 1435 3750 sed
1477 3701 1696 3749 novus
1737 3685 1935 3749 nobis
1986 3685 2308 3751 Benotius
2349 3684 2615 3749 videtur
2651 3700 2804 3748 cum

671 3812 1024 3875 caritatem
1065 3809 1391 3893 singulari
1444 3812 1592 3874 arte
1638 3805 1963 3874 celebrat.
2016 3807 2294 3874 Multum
2352 3809 2417 3871 in
2474 3809 2604 3873 hoc
2657 3823 2808 3872 cum

670 3934 877 3999 Dante
909 3934 1257 4014 discrepat
1294 3934 1404 4014 qui
1445 3932 1682 3997 durior
1713 3933 1924 4015 judex
1966 3950 2301 3998 summum
2333 3932 2448 4014 Jus
2479 3948 2810 3996 summam

673 4073 830 4124 esse
870 4057 1182 4139 injuriam
1236 4058 1664 4123 obliviscitur
1718 4062 1785 4123 et
1839 4060 1901 4122 in
1952 4057 2192 4123 inferis
2248 4073 2481 4140 parem
2523 4071 2811 4136 poenam

676 4185 821 4266 pari
880 4166 1120 4265 culpae
1185 4182 1491 4249 referens
1548 4189 1878 4250 nocentes
1938 4183 2316 4249 ulciscitur.
2370 4180 2617 4245 Similis
2667 4196 2811 4244 ma-

675 4311 889 4393 gistro
919 4325 1044 4375 5110
1074 4309 1290 4373 Fratri
1324 4307 1551 4374 loanni
1579 4307 1900 4373 Benotius
1935 4306 2313 4373 horrendas
2353 4324 2609 4388 poenas
2641 4321 2811 4387 quas
