3173 5096
1284 515 1676 579 .-63.-.

432 689 807 751 monstrum
860 687 1125 751 moesta
1171 684 1585 749 considerat.
1633 708 1663 741 «
1708 683 1829 759 Qui
1876 679 1971 766 (l)
2009 682 2199 762 prior
2240 692 2566 765 egressus

433 814 542 876 est
576 810 770 876 rufus
806 814 953 876 erat
979 813 1047 875 et
1081 812 1298 875 totum
1329 809 1397 872 in
1429 824 1691 874 morem
1733 806 1934 887 pellis
1972 804 2310 887 hispidus.
2361 829 2393 861 »
2432 803 2564 868 Nu-

436 936 569 1000 trix
614 934 827 1000 Jacob
870 938 1110 1000 contra
1159 934 1342 999 laeta
1376 933 1837 1015 ”superbaque
1893 933 2002 995 est
2036 930 2311 994 alumno
2368 945 2568 1008 quem

426 1076 674 1126 omnes
704 1058 1005 1123 laudant.
1042 1057 1185 1122 Jam
1229 1057 1532 1139 prudens
1567 1054 1990 1135 callidosque
2021 1053 2289 1118 videtur
2316 1051 2562 1128 Jacob3

434 1185 614 1250 Esaii
652 1200 819 1250 vero
857 1183 1176 1264 pollicem
1233 1184 1643 1264 simpliciter
1692 1181 1897 1264 sugit.
1958 1177 2318 1242 Infantium
2354 1176 2570 1258 prima

433 1310 685 1375 lavatio
743 1312 1048 1390 paratur,
1094 1307 1252 1373 dum
1320 1308 1746 1390 explicantur
1796 1305 2000 1386 panni
2056 1301 2325 1385 angusti
2360 1301 2571 1384 longi-

435 1445 566 1508 que
608 1428 691 1493 ad
744 1428 1015 1493 modum
1065 1443 1300 1493 eorum
1360 1427 1608 1509 quibus
1662 1428 1884 1494 adhuc
1934 1427 2359 1508 temporibus
2410 1442 2572 1490 nos-

432 1553 558 1617 tris
602 1551 878 1617 Italicae
920 1552 1224 1617 nutrices
1280 1554 1580 1616 utuntur.

525 1677 596 1741 In
651 1677 875 1743 media
935 1680 1130 1758 parte
1184 1676 1454 1742 tabulae
1521 1674 1901 1741 aedificium
1980 1679 2088 1741 est
2144 1671 2571 1754 splendidum

436 1819 668 1868 arcum
733 1802 952 1867 oculis
1009 1799 1340 1867 referens.
1413 1788 1805 1881 Tranquilla
1871 1803 2028 1864 sunt
2081 1786 2391 1879 tempora
2446 1813 2573 1862 nec

436 1926 697 1992 catenis
742 1942 918 2007 opus
953 1929 1060 1990 est
1103 1928 1340 2005 portas
1382 1924 1767 1990 occludere.
1815 1924 1935 1988 Illo
1973 1923 2101 1987 sub
2149 1939 2310 1987 arcu
2361 1921 2572 1987 Jacob

435 2049 668 2115 fratris
722 2050 828 2114 sui
876 2048 1330 2132 primogenita
1379 2065 1591 2130 parvo
1656 2049 1880 2129 pretio
1936 2049 2315 2126 comparat.
2363 2046 2569 2123 Esau,

437 2175 762 2240 robustus
815 2172 1224 2238 adolescens
1289 2170 1482 2255 quus
1544 2171 1769 2253 pilosa
1844 2171 2170 2236 bracchia
2238 2186 2572 2251 cruraque

437 2300 808 2363 cernuntur
843 2313 878 2362 e
918 2298 1165 2363 venatu
1202 2295 1414 2372 redit3
1462 2296 1731 2379 cingulo
1775 2298 2045 2362 tenetur
2075 2312 2287 2361 cornu
2316 2311 2449 2377 quo
2488 2293 2572 2358 ad

445 2438 651 2487 canes
673 2420 1021 2487 vocandos
1061 2423 1350 2486 venator
1375 2420 1469 2484 uti
1512 2420 1726 2485 solet:
1756 2417 2012 2485 defessi
2040 2434 2205 2485 vero
2236 2421 2391 2484 sunt
2418 2434 2575 2483 ver-

438 2547 574 2630 tagi
614 2563 903 2628 quorum
963 2563 1136 2611 unus
1196 2545 1423 2611 subito
1468 2543 1888 2627 procumbit;
1933 2559 2178 2610 servus
2238 2541 2575 2608 falconem

436 2671 642 2736 habet
672 2672 737 2734 in
781 2688 979 2735 manu
1017 2670 1390 2736 sedentem.
1434 2670 1708 2735 Otiosus
1741 2669 2076 2734 coenabat
2113 2667 2359 2743 Jacob3
2398 2684 2575 2732 nunc

439 2811 604 2860 vero
636 2795 836 2860 lentis
873 2794 1169 2860 edulium
1199 2795 1266 2858 in
1297 2793 1537 2860 dextra
1568 2796 1753 2859 tenet
1778 2791 1960 2874 quod
1991 2809 2125 2857 non
2157 2789 2348 2855 fratri
2385 2792 2574 2871 prius

439 2919 627 2984 dabit
675 2936 873 3000 quam
924 2916 1039 2985 ille
1098 2918 1572 3002 jusjurandum
1631 2917 2072 2999 praestiterit.
2147 2915 2573 2981 Adolescens

440 3043 614 3108 alius
666 3060 860 3125 quem
929 3045 1078 3125 ipse
1135 3043 1383 3128 ingenii
1439 3041 1721 3108 arbitrio
1781 3040 2193 3123 excogitavit
2252 3038 2576 3105 Benotius

440 3184 658 3249 prope
682 3168 895 3234 Jacob
934 3171 1072 3234 stat
1105 3169 1211 3234 cui
1240 3168 1322 3233 de
1360 3170 1538 3233 tetro
1569 3165 1795 3231 animo
1826 3163 2098 3229 videtur
2124 3164 2572 3245 exprobrare.

527 3293 778 3359 Deinde
831 3297 1303 3376 senescentem
1348 3309 1428 3359 ac
1479 3307 1698 3373 prope
1750 3306 2032 3356 caecum
2074 3289 2320 3355 baculo
2363 3290 2575 3354 niten-

439 3419 574 3483 tem
614 3416 808 3482 Isaac
843 3416 1153 3483 videmus
1194 3419 1307 3499 qui
1352 3416 1558 3481 lilium
1601 3416 1780 3481 Esaii
1818 3417 1971 3480 orat
1998 3417 2069 3478 ut
2097 3417 2383 3479 venetur
2422 3416 2489 3477 et
2516 3412 2575 3476 ei

439 3540 854 3622 pulmentum
899 3538 1126 3617 faciat,
1162 3543 1514 3621 paternam
1560 3536 2101 3605 benedictionem
2136 3540 2576 3628 accepturus.

437 3666 526 3728 At
553 3663 863 3734 Rebecca
890 3662 1236 3744 Jacobque
1278 3663 1694 3744 colloquium
1728 3660 2006 3725 audiunt
2050 3664 2118 3725 et
2166 3659 2305 3742 Jam
2345 3659 2574 3724 dolum

438 3783 870 3849 meditantur.
925 3780 1080 3846 Mox
1138 3782 1311 3847 enim
1356 3781 1569 3847 Jacob
1620 3788 1986 3865 postquam
2032 3784 2211 3849 Esaii
2265 3784 2575 3849 vestibus

438 3907 713 3973 indutus
764 3911 871 3973 est
925 3905 1193 3972 inflexis
1245 3907 1533 3991 genibus
1588 3913 1743 3975 ante
1794 3910 1988 3977 Isaac
2030 3911 2223 3975 adest
2267 3910 2380 3990 qui
2421 3926 2577 3990 per-

446 4029 720 4097 functus
762 4035 869 4098 est
905 4033 1108 4119 epulo
1153 4030 1346 4112 cujus
1380 4032 1707 4114 reliquiae
1739 4036 1802 4099 in
1837 4036 2147 4103 mensula
2184 4038 2572 4102 cernuntur.

512 4298 583 4366 (2)
625 4298 776 4350 Liber
808 4298 1042 4364 Genesis,
1077 4301 1250 4368 caput
1282 4311 1407 4363 xxv,
1445 4300 1548 4351 15.v
