3173 5096
406 692 647 741 mones
680 677 860 741 haud
902 675 1099 741 facile
1150 678 1328 741 inter
1375 693 1451 742 se
1499 683 1810 745 serentes
1861 676 2372 741 recordabatur.
2415 674 2535 741 Hic

403 802 623 881 ipsius
651 798 1260 885 pictoris-effigiem
1297 801 1653 881 habemuS,
1689 799 1941 884 effigiei
1976 817 2174 881 quam
2213 802 2279 864 in
2311 798 2536 874 Sancti

406 922 777 989 Geminiani
818 924 1102 1004 ‘picturis
1136 923 1428 989 vidimus
1469 926 1785 1007 corporis
1823 924 2054 989 habitu
2098 924 2529 1000 simillimam,

406 1048 711 1113 sollertis
750 1047 816 1112 id
853 1052 981 1127 est,
1015 1027 1419 1132 impigrique
1453 1049 1577 1113 viri
1610 1049 1747 1130 qui,
1778 1048 2083 1114 sioutilli
2123 1050 2530 1126 structoreS,

407 1188 720 1254 magnam
761 1172 1091 1252 temporis
1128 1174 1391 1252 partem
1428 1174 1658 1236 rectus
1687 1175 1877 1236 stans
1904 1172 1968 1234 in
2006 1170 2537 1236 tabulationibus

385 1296 919 1361 consumebant.
1867 1377 1868 1380 Ἴ

387 1456 393 1462 -
494 1418 564 1482 In
605 1420 737 1485 hoc
776 1420 931 1486 loco
974 1417 1468 1502 aliquantisper
1518 1412 2330 1503 interrumpitur'longus
2366 1419 2537 1484 ordo

405 1543 671 1624 Veteris
695 1544 1106 1610 Testamenti
1140 1540 1584 1609 historiarum
1614 1565 1629 1622 3
1663 1561 1815 1609 nam
1848 1544 2040 1626 parvi
2074 1544 2310 1610 sacelli
2338 1529 2540 1625 porta

406 1674 513 1746 est
579 1686 791 1751 supra
859 1686 1060 1750 quam
1132 1668 1458 1734 Benotius
1524 1670 1798 1734 sinistra
1877 1667 2152 1734 Mariam
2230 1670 2299 1732 et
2373 1683 2543 1731 nun-

407 1796 686 1859 tiantum
723 1793 1062 1875 angelum,
1109 1792 1350 1858 dextra
1405 1791 1644 1876 Magos
1706 1793 2073 1858 adorantes
2126 1790 2340 1855 finxit.
2397 1783 2545 1855 P-ul-

406 1918 572 1981 cher
641 1919 709 1980 et
770 1916 995 1981 serius
1058 1917 1340 1998 angelus
1403 1920 1533 1993 est,
1600 1916 1809 1981 Maria
1875 1932 2040 1981 vero
2102 1915 2414 1980 modesta
2476 1918 2544 1980 et

408 2040 823 2121 obsequens.
882 2039 1012 2106 Per
1087 2043 1364 2105 ornatas
1439 2038 1780 2105 fenestras
1849 2056 2176 2105 amoenus
2244 2039 2545 2105 cernitur

407 2165 587 2229 ruris
625 2151 1060 2247 prospectus.

497 2288 566 2351 In
625 2289 856 2355 tabula
914 2292 1158 2370 quarta
1198 2288 1535 2353 Abraham
1580 2288 1720 2354 Beli
1776 2290 2039 2372 signum
2086 2289 2376 2358 adorare
2429 2304 2538 2352 re-

408 2416 624 2479 cusat.
661 2413 974 2480 Picturae
1005 2415 1071 2477 in
1119 2412 1340 2478 medio
1385 2413 1613 2478 tholus
1653 2417 1762 2478 est
1796 2414 2166 2497 gracilibus
2205 2413 2539 2479 columnis

407 2535 616 2603 fultus
661 2538 898 2605 subter
930 2556 1131 2620 quem
1178 2538 1361 2624 regis
1407 2537 1672 2622 signum
1721 2539 1828 2604 est
1875 2537 2103 2604 mundi
2148 2537 2423 2622 globum
2472 2537 2536 2599 in

405 2663 602 2727 laeva
634 2679 859 2740 manu,
896 2662 1202 2744 justitiae
1235 2679 1401 2729 vero
1444 2664 1792 2744 sceptrum
1827 2660 1894 2727 in
1935 2663 2175 2728 dextra
2215 2663 2530 2727 tenentis.

403 2786 861 2852 Adorantibus
916 2803 1069 2852 eum
1128 2787 1393 2861 scelera
1445 2787 1903 2852 remittuntur.
1934 2785 2077 2852 Rex
2133 2785 2343 2850 Ninus
2394 2784 2535 2849 Beli

404 2909 583 2977 filius
645 2913 976 2978 nocentes
1043 2911 1178 2977 duo
1243 2911 1556 2977 absolvit.
1628 2909 1709 2975 At
1771 2910 2168 2993 impunitate
2230 2910 2535 2981 facinora

405 3036 957 3118 multiplicantur.
996 3035 1066 3099 ln
1112 3034 1639 3101 abscedentibus
1688 3039 1970 3101 cruenta
2017 3034 2536 3119 pugnadiscer-

405 3161 622 3237 nitur3
685 3162 970 3242 propius
1031 3177 1197 3227 vero
1264 3160 1548 3225 minoris
1607 3162 1929 3226 momenti
1986 3158 2285 3244 jurgium
2356 3164 2462 3226 est
2515 3176 2529 3222 :

405 3285 711 3348 rixantur
765 3285 942 3349 enim
997 3285 1190 3365 pueri
1256 3283 1390 3349 duo
1460 3300 1750 3365 quorum
1810 3285 1981 3373 alter
2037 3281 2324 3350 alterum
2377 3301 2537 3364 sup-

402 3408 683 3489 plantat.
724 3406 797 3472 ln
835 3408 1075 3473 dextra
1122 3413 1316 3490 parte
1356 3409 1629 3475 tabulae
1670 3409 2005 3474 Abraham
2059 3411 2367 3476 videmus
2420 3409 2535 3490 qui

403 3549 612 3597 sanus
661 3548 745 3598 ex
797 3531 1401 3620 ardentibus-rogi
1463 3532 1754 3598 flammis
1811 3534 2160 3617 egreditur
2222 3533 2304 3598 ad
2362 3551 2532 3614 quas

403 3660 699 3722 statuam
755 3656 1069 3721 venerari
1129 3672 1460 3722 recusans
1522 3656 1882 3722 damnatus
1940 3660 2111 3723 erat.
2167 3656 2247 3722 At
2297 3661 2536 3723 contra

403 3783 710 3848 exuritur
732 3781 1074 3863 superbus
1098 3781 1484 3862 stultusque
1511 3779 1785 3847 Nachor
1810 3782 1922 3862 qui
1954 3777 2194 3865 rogum
2224 3783 2535 3848 eumdem

403 3922 478 3973 se
540 3906 947 3972 incolumem
1008 3907 1301 3971 transire
1358 3921 1569 3986 posse
1638 3906 2134 3984 arbitrabatur;
2189 3906 2328 3990 jam
2386 3907 2535 3991 eJus

402 4031 566 4095 nihil
612 4035 887 4113 praeter
928 4030 1285 4096 barbatum
1329 4033 1532 4110 caput
1564 4034 1792 4096 exstat
1832 4036 1899 4097 et
1934 4033 2087 4114 ipsa
2131 4032 2341 4098 barba
2378 4049 2534 4098 mox

403 4161 658 4223 uretur.
694 4156 773 4220 At
802 4174 882 4222 ne
914 4157 1140 4222 tabula
1165 4156 1300 4220 ista
1336 4157 1517 4220 omni
1545 4157 1853 4222 caritatis
1890 4159 2201 4240 exemplo
2238 4161 2529 4237 careret,

402 4278 728 4347 Benotius
773 4286 1055 4347 matrem
1105 4282 1464 4363 quamdam
1518 4279 1708 4346 finxit
1757 4285 2111 4364 parvulum
2156 4284 2219 4345 in
2272 4283 2531 4365 gremio
