3173 5096
1454 447 1671 549 —sfio
1721 523 1806 533 -,

565 654 745 719 Uxor
791 670 966 736 quae
1008 657 1436 744 exsecratam
1484 655 1722 720 urbem
1773 656 2056 738 respicit
2106 657 2412 723 attonitis
2454 658 2698 723 animis

564 780 849 863 gradum
890 782 1125 845 tenet:
1163 804 1194 837 «
1242 779 1458 845 Versa
1489 776 1578 865 (l)
1624 781 1826 846 estin
1864 784 2157 847 statuam
2204 783 2393 849 salis.
2430 808 2461 841 »
2506 782 2696 859 Quod

565 909 637 970 ut
684 905 1018 971 indicaret
1072 906 1296 986 pictor
1351 920 1501 970 eam
1539 905 1768 971 albam
1822 905 2103 972 effinxit.
2147 908 2492 974 venustae
2544 912 2702 973 sunt

563 1029 689 1096 Lot
717 1028 895 1095 filiae
945 1047 1119 1111 quae
1156 1030 1468 1095 sarcinas
1518 1028 1745 1095 ferunt
1785 1032 2122 1113 capitibus
2149 1034 2534 1113 impositas,
2578 1048 2701 1098 nec

570 1171 873 1234 capsam,
919 1154 1077 1219 dum
1115 1152 1406 1237 fugiunt,
1453 1157 2089 1235 praetermiserunt.
2131 1155 2416 1223 Ceteros
2464 1174 2698 1223 earum

565 1294 770 1343 casus
836 1277 1153 1360 prudenti
1212 1277 1493 1344 Benotio
1564 1278 1826 1346 referre
1882 1298 2015 1347 non
2060 1249 2339 1363 placuit.

651 1403 842 1468 Nona
902 1402 1134 1467 tabula
1185 1402 1383 1467 nobis
1447 1403 1847 1470 domesticis
1912 1408 2096 1472 curis
2164 1389 2527 1472 sollicitum
2585 1406 2699 1471 de·-

564 1528 901 1592 monstrat
934 1528 1346 1607 patriarcam
1387 1525 1584 1608 cujus
1619 1525 1759 1610 jam
1806 1530 2066 1611 aliquot
2103 1547 2318 1596 annos
2366 1532 2567 1595 natus
2593 1532 2700 1594 est

565 1650 747 1716 filius
804 1649 1054 1716 Isaac:
1106 1675 1137 1708 α
1192 1649 1492 1732 Cumque
1548 1648 1644 1737 (2)
1694 1651 1984 1716 vidisset
2035 1647 2206 1716 Sara
2249 1649 2463 1714 filium
2520 1648 2699 1733 Agar

567 1776 936 1859 Aegyptiae
1012 1775 1356 1841 ludentem
1434 1792 1589 1840 cum
1675 1776 1865 1843 Isaac
1932 1775 2073 1841 filio
2143 1792 2294 1847 suo,
2371 1765 2541 1839 dixit
2613 1772 2695 1837 ad

566 1900 905 1965 Abrabam
951 1917 965 1963 :
1010 1897 1196 1982 Ejice
1271 1902 1584 1966 ancillam
1650 1902 1848 1977 hanc,
1913 1905 1982 1967 et
2042 1898 2249 1966 filium
2304 1897 2491 1981 eJus3
2565 1914 2697 1963 non

560 2025 746 2090 enim
788 2025 917 2090 erit
983 2026 1232 2090 haeres
1293 2023 1471 2090 filius
1526 2025 1813 2091 ancillae
1878 2042 2031 2090 cum
2085 2023 2225 2090 filio
2275 2040 2427 2089 meo
2477 2022 2697 2092 Isaac.

571 2148 745 2213 Dure
789 2149 1060 2229 accepit
1121 2150 1254 2214 hoc
1314 2148 1654 2215 Abraham
1697 2165 1838 2231 pro,
1877 2148 2015 2214 filio
2050 2163 2204 2215 suo.
2255 2174 2285 2206 »
2330 2150 2401 2212 In
2437 2150 2703 2230 pictura

572 2289 702 2338 non
762 2272 997 2338 ludunt
1048 2274 1245 2356 pueri
1318 2275 1441 2340 sed
1499 2272 1751 2358 pugnis
1803 2278 2069 2341 certant
2116 2278 2185 2340 et
2219 2273 2397 2357 Agar
2447 2274 2703 2357 ingenti

569 2396 823 2480 gaudio
889 2396 1188 2463 afficitur
1249 2415 1399 2463 cum
1462 2399 1651 2465 videt
1690 2397 1902 2463 filium
1957 2414 2156 2463 suum
2204 2396 2519 2463 dommac
2560 2395 2702 2461 filio

564 2521 968 2589 validiorem
1008 2539 1206 2602 csse;
1259 2527 1326 2589 at
1362 2524 1612 2589 iterum
1657 2524 2026 2605 expellitur
2066 2522 2246 2607 Agar
2276 2538 2449 2604 quae
2482 2522 2708 2588 omnia

569 2647 790 2711 suain
832 2665 963 2713 una
992 2648 1262 2712 sarcina
1298 2649 1505 2730 capiti
1549 2648 1872 2728 imposita
1912 2646 2144 2713 ferens
2176 2647 2706 2713 et‘seminudum

563 2768 775 2835 filium
816 2774 1097 2838 trahens
1153 2776 1312 2853 post
1358 2773 1870 2839 tabernaculum
1924 2771 2217 2839 discedit
2273 2776 2587 2838 erratura
2635 2773 2703 2834 in

566 2895 930 2961 solitudine
1002 2896 1368 2963 Bersabee.
1424 2897 1640 2962 Biblia
1683 2897 1966 2980 jubente
2043 2897 2181 2962 Deo
2220 2897 2562 2961 ancillam
2615 2896 2701 2961 ab

567 3019 906 3084 Abraham
962 3020 1314 3086 dimissam
1378 3020 1594 3087 fuisse
1658 3021 1913 3095 refert3
1981 3021 2306 3088 Benotius
2355 3037 2521 3087 vero
2575 3038 2698 3102 pa-

564 3145 858 3221 triarcae
897 3148 1149 3209 tantam
1203 3147 1640 3211 severitatem
1681 3163 1812 3210 non
1850 3146 2167 3228 ignoscit,
2210 3162 2387 3221 nam,
2426 3160 2508 3210 eo
2545 3146 2698 3226 ipso

563 3270 874 3349 tempore
909 3286 1041 3350 qno
1095 3267 1276 3352 Agar
1322 3273 1480 3350 post
1514 3265 2031 3334 tabernaculum
2071 3268 2265 3353 fugit,
2312 3285 2473 3335 ecce
2512 3267 2697 3334 Deus

560 3392 909 3474 adestqui
956 3392 1150 3458 Isaac
1204 3393 1648 3459 tabernaculo
1701 3393 1969 3475 placide
2007 3393 2474 3459 wdormientem
2519 3395 2699 3474 patri

564 3518 816 3584 indicat
865 3522 934 3585 et
978 3519 1107 3584 sibi
1169 3519 1452 3585 mactari
1509 3518 1740 3602 jubet.
1798 3518 1916 3584 Dei
1973 3518 2308 3583 voluntati
2390 3517 2699 3599 protinus

566 3643 995 3725 obtemperat
1016 3643 1250 3711 infelix
1274 3643 1650 3709 Abraham.
1682 3642 1712 3707 J
1720 3659 1963 3723 amque
1983 3640 2216 3706 famuli
2244 3641 2378 3706 duo
2408 3642 2698 3707 clitellas

562 3767 759 3830 asino
796 3769 1196 3851 cumflignis
1251 3768 1641 3833 holocausti
1685 3771 1752 3832 et
1804 3766 2054 3831 viatico
2106 3767 2483 3847 imponunt.
2531 3764 2698 3829 Tum

567 3886 760 3954 Isaac
801 3890 977 3970 patri
1034 3906 1158 3954 suo
1198 3909 1212 3952 ε
1252 3914 1282 3946 «
1343 3886 1465 3954 Ubi
1515 3888 1616 3974 (3)
1668 3894 1775 3955 est
1834 3891 2111 3956 victima
2170 3891 2609 3957 holocausti?
2665 3914 2697 3949 »

641 4099 715 4169 (1)
748 4100 909 4152 Liber
933 4099 1164 4165 Genesis,
1197 4103 1373 4170 caput
1402 4117 1510 4168 xlx,
1536 4103 1623 4155 26.

640 4187 713 4257 (2)
747 4188 906 4241 Liber
937 4186 1175 4257 Genesis,
1209 4193 1382 4260 caput
1413 4206 1521 4255 xxi,
1555 4194 1607 4255 9,
1645 4194 1730 4257 10,
1773 4195 1850 4245 ¹1.

659 4280 688 4330 3

1569 4283 1598 4297 ρ-

637 4280 652 4347 (
694 4278 710 4347 )
750 4278 905 4331 Liber
936 4277 1174 4348 Genesis,
1204 4283 1378 4348 caput
1406 4295 1533 4344 xxn,
1581 4298 1621 4331 ι.
