3173 5096
1519 506 1872 569 „22—

635 676 802 755 buit,
837 675 1281 742 daemonibus
1320 690 1485 741 vero
1518 676 1632 757 qui
1670 674 1933 759 fugiunt
1963 672 2445 757 praedatorum
2481 675 2762 740 alituum

618 815 853 867 ‘uncos
887 800 1102 884 pedes
1138 805 1211 866 et
1258 800 1405 866 alas
1443 799 2031 883 vespertilionum.

642 967 649 975 ·
722 924 1019 991 Tabulae
1064 926 1399 1007 septimae
1437 923 1873 991 amabiliores
1917 943 2083 993 aves
2123 931 2282 992 sunt
2330 941 2508 1007 quos
2552 924 2763 990 Fran-

630 1052 860 1117 ciscus
914 1048 1185 1117 affatur.
1239 1074 1271 1108 «
1328 1049 1492 1115 Cum
1539 1047 1635 1137 (1)
1673 1049 1880 1134 igitur
1919 1050 2500 1145 appropinquaret
2551 1052 2765 1119 Beva-

630 1176 840 1252 nium,
875 1173 961 1241 ad
986 1173 1351 1257 quemdam
1382 1175 1607 1241 locum
1634 1173 1926 1254 devenit,
1956 1176 2023 1240 in
2047 1193 2183 1258 quo
2213 1175 2468 1244 diversi
2494 1176 2767 1261 generis

632 1299 860 1366 avium
895 1298 1189 1376 maxima
1225 1297 1584 1365 multitudo
1619 1304 2054 1367 convenerat.
2092 1299 2273 1378 Quas
2304 1318 2457 1368 cum
2488 1306 2768 1367 sanctus

633 1423 753 1490 Dei
791 1423 1104 1500 vidisset,
1149 1424 1472 1490 alacriter
1519 1424 1826 1489 cucurrit
1879 1401 2243 1492 adlocum
2300 1429 2369 1491 et
2415 1442 2535 1492 eas
2585 1426 2774 1492 velut

641 1546 933 1620 rationis
972 1547 1350 1630 participes
1405 1548 1751 1614 salutavit.
1811 1546 2137 1616 Omnibus
2194 1566 2364 1618 vero
2403 1556 2774 1631 expectan-

640 1672 824 1738 tibus
854 1675 924 1738 et
949 1671 1505 1739 convertentibus
1540 1688 1618 1738 se
1651 1671 1738 1738 ad
1768 1689 1921 1742 eum
1947 1675 2042 1740 ita
2064 1681 2137 1742 ut
2167 1692 2342 1756 quae
2382 1676 2445 1740 in
2471 1676 2775 1743 arbustis

643 1803 861 1874 erant,
918 1798 1261 1865 'inclinatis
1299 1798 1642 1880 capitibus
1685 1815 1839 1864 cum
1886 1795 2470 1883 appropinquaret
2521 1800 2606 1866 ad
2653 1817 2776 1868 eas

641 1923 921 1994 insolito
989 1922 1193 1989 modo
1256 1923 1323 1987 in
1388 1924 1613 2005 ipsum
1683 1922 2136 1996 intenderent,
2206 1937 2426 2003 usque
2505 1920 2589 1986 ad
2653 1938 2777 1988 cas

647 2049 968 2128 accessit,
998 2052 1085 2116 ‘et
1122 2065 1361 2114 omnes
1397 2050 1470 2113 ut
1503 2048 1790 2115 verbum
1833 2046 2094 2113 Domini
2130 2045 2452 2112 audirent*
2486 2046 2810 2112 sollicite-

648 2172 997 2239 admonuit
1026 2173 1263 2246 dicens
1293 2190 1309 2237 ε
1345 2172 1622 2240 Fratres
1657 2174 1790 2240 mei
1827 2173 2168 2251 volucres,
2204 2173 2489 2239 multum
2514 2171 2781 2238 debetis

651 2297 930 2366 laudare
982 2296 1373 2365 Creatorem
1424 2301 1754 2377 vestrum,
1795 2298 1909 2380 qui
1971 2297 2216 2381 plumis
2270 2313 2396 2364 vos
2447 2296 2662 2362 induit
2718 2300 2786 2362 et

654 2438 915 2504 pennas
954 2422 1190 2490 trib'uit
1223 2420 1308 2488 ad
1359 2422 1750 2503 volandum,
1791 2422 2157 2505 puritatem
2211 2421 2555 2488 concessit
2599 2422 2783 2488 aeris

652 2550 721 2613 et
767 2547 915 2615 sine
962 2551 1197 2617 vestra
1249 2546 1707 2615 sollicitudine
1764 2563 1889 2613 vos
1937 2541 2296 2630 gubernat.
2356 2543 2519 2612 Cum
2560 2548 2789 2611 autem

654 2673 758 2738 eis
793 2674 964 2740 baec
999 2676 1069 2741 et
1108 2673 1214 2740 his
1261 2672 1510 2740 similia
1546 2669 1970 2754 loqueretur,
2012 2671 2315 2738 aviculae
2348 2670 2551 2737 modo
2584 2670 2790 2735 mira-

656 2796 774 2861 bili
831 2797 1208 2880 gestientes
1262 2799 1641 2880 coeperunt
1702 2795 2073 2863 extendere
2114 2795 2315 2874 colla,
2377 2792 2791 2877 protendere

657 2921 828 3001 alaS‚
887 2923 1158 3003 aperire
1217 2925 1446 2988 rostra
1498 2927 1568 2989 et
1621 2923 1690 2985 in
1742 2921 1928 2986 illum
1974 2922 2228 2986 attente
2283 2919 2714 3000 respicere...
2754 2942 2788 2976 υ

663 3045 808 3110 Tali
852 3051 1256 3130 argumento
1324 3047 1505 3128 quod
1564 3045 1779 3112 lottus
1826 3044 1966 3128 jam
2019 3041 2423 3125 depinxerat
2479 3059 2790 3127 magnam

666 3173 1095 3236 venustatem
1154 3171 1474 3252 praebuit
1543 3170 1889 3237 BenotiuS.
1969 3166 2155 3235 Inter
2218 3186 2383 3236 aves
2458 3184 2632 3250 quae
2708 3166 2792 3232 ad

665 3293 1101 3361 Franciscum
1137 3295 1646 3376 praedicantem
1687 3296 1866 3362 colla
1910 3295 2212 3376 tendunt,
2278 3287 2583 3379 cycnum,
2640 3310 2795 3360 cor·-

661 3437 844 3501 vum,
895 3436 1211 3502 upupam,
1272 3419 1681 3498 columbam,
1741 3421 2093 3499 merulam,
2147 3412 2583 3502 minoresque
2623 3419 2794 3485 alias

667 3545 1146 3612 discernimus
1210 3545 1507 3627 Tempus
1559 3544 1768 3628 elegit
1829 3544 2151 3612 Be-notius
2213 3562 2348 3627 quo
2389 3534 2800 3610 Franciscus'

664 3671 933 3736 caelum
979 3669 1282 3737 ostendit
1329 3670 1566 3735 avibus
1617 3669 1897 3736 dicens:
1959 3695 1992 3730 «
2040 3671 2406 3753 puritatem
2451 3670 2801 3736 concessit

668 3795 851 3860 aeris
893 3820 952 3858 ».
1004 3794 1268 3863 Interea
1316 3796 1691 3861 monachus
1732 3796 1847 3878 qui
1891 3800 2199 3863 sanctum
2251 3796 2561 3878 sequitur
2600 3793 2799 3862 valde

670 3916 1007 3986 sollicitus
1042 3920 1312 3987 videtur
1372 3922 1439 3986 et
1492 3920 1756 3987 dubitat
1804 3939 1961 3987 num
2015 3920 2423 3987 Franciscus
2485 3937 2654 3986 sana
2713 3920 2802 3986 sit

673 4048 895 4110 mente
932 4044 1090 4110 dum
1122 4061 1286 4110 aves
1322 4045 1715 4126 alloquitur.

745 4311 818 4382 (l)
857 4311 1104 4377 Leaendu
1136 4313 1193 4366 S.
1228 4313 1524 4379 Francisci‚
1558 4316 1733 4385 caput
1764 4330 1856 4369 xu.
