3173 5096
1280 493 1632 552 -11-

385 662 718 747 erigebat.
756 661 1197 741 Locupletum
1238 660 1483 726 civium
1520 662 1862 749 superbae
1912 661 2154 728 domus
2199 664 2517 731 aedifica-

386 790 656 854 bantur.
714 784 876 851 Cum
926 785 1341 851 architectus
1386 784 1674 871 insignis
1738 786 2132 866 sculptorve
2194 787 2518 856 Benotius

389 912 537 978 fieri
606 912 967 994 potuisset,
1032 910 1267 974 maluit
1331 904 1553 975 tamen
1618 910 1945 976 historias
2016 911 2385 997 depingere
2451 918 2519 981 et

387 1036 659 1120 adjutor
700 1035 923 1102 factus
974 1034 1231 1100 Fratris
1272 1033 1540 1105 loannis
1591 1051 1745 1101 eum
1790 1035 2035 1101 Urbem
2088 1037 2402 1105 Veterem
2450 1042 2519 1105 et

384 1161 664 1226 Romam
696 1161 1059 1226 comitatus
1093 1164 1223 1225 est.

473 1286 670 1353 Lenis
735 1288 805 1351 et
870 1288 1062 1350 casta
1138 1288 1423 1371 apparet
1496 1286 1563 1349 in
1642 1285 1891 1351 tabulis
1962 1287 2184 1367 pietas
2259 1287 2517 1353 Fratris

386 1410 684 1488 loannis,
719 1409 841 1475 sed
895 1410 1167 1475 minime
1226 1409 1444 1494 rigida
1495 1414 1612 1475 aut
1660 1410 1902 1476 tristis.
1946 1410 2192 1478 Rident
2243 1413 2516 1479 colores

383 1534 629 1616 quibus
692 1533 1018 1599 candidas
1077 1534 1291 1614 pinxit
1350 1534 1651 1619 virgines
1710 1536 1858 1617 ipse
1919 1535 2295 1615 candidus3
2361 1537 2515 1624 ejus

383 1675 549 1726 vero
587 1659 992 1741 simplicitas
1041 1675 1174 1725 non
1220 1664 1328 1725 est
1372 1660 1591 1743 ignari
1631 1660 1753 1726 sed
1799 1660 2155 1742 prudentis
2200 1664 2512 1744 acutique

384 1782 539 1850 viri.
609 1783 929 1850 Benotius
1004 1785 1137 1850 etsi
1216 1800 1350 1849 non
1425 1787 1572 1850 erat
1639 1787 2041 1863 monachus,
2107 1784 2313 1851 simili
2392 1785 2517 1852 fuit

386 1908 640 1974 indole.

472 2033 924 2117 Trigesimum
984 2049 1194 2116 agens
1275 2050 1520 2099 annum
1584 2052 1624 2099 a
1686 2036 2016 2119 magistro
2081 2041 2377 2105 secessit
2447 2045 2515 2107 et

381 2158 612 2239 coepit
659 2157 808 2239 ipse
857 2174 1070 2240 opera
1116 2175 1242 2223 sua
1290 2156 1615 2241 dirigere.
1657 2158 1739 2226 At
1778 2178 1954 2237 cum,
2014 2166 2173 2242 post
2222 2161 2510 2231 reditum

378 2283 445 2347 in
483 2280 727 2348 Urbem
764 2282 1077 2349 Veterem
1122 2282 1610 2364 postulavisset
1653 2289 1726 2349 ut
1755 2285 2026 2350 tabulae
2062 2303 2235 2367 quas
2275 2287 2512 2354 Frater

380 2405 668 2472 loannes
709 2405 1000 2473 infectas
1040 2407 1411 2488 reliquerat
1447 2405 1580 2485 ipsi
1622 2379 2075 2487 perficiendae
2135 2410 2512 2477 committe-

383 2538 639 2610 rentur,
672 2534 788 2600 tali
819 2551 1028 2617 opere
1057 2533 1302 2619 dignus
1331 2550 1459 2599 non
1493 2532 1769 2599 habitus
1809 2536 1935 2599 est.
1970 2532 2178 2610 Quam
2216 2535 2504 2603 moleste

381 2658 609 2724 tulerit
655 2660 838 2724 illam
879 2659 1379 2727 recusationem
1431 2659 1632 2724 facile
1673 2662 1782 2725 est
1816 2659 2039 2725 animo
2074 2663 2365 2742 concipi.
2406 2662 2503 2727 Ab

379 2783 552 2849 Urbe
590 2783 832 2851 Vetere
890 2780 1386 2866 splendidoque
1424 2784 1679 2864 templo
1735 2788 2096 2864 postquam
2151 2784 2498 2863 discessit,

376 2908 649 2975 Fratres
726 2907 1023 2975 Minores
1102 2907 1355 2974 Montis
1419 2909 1757 2982 Falconis,
1831 2909 2116 2992 exiguae
2184 2910 2501 2986 civitatiS,

376 3052 528 3101 eum
553 3040 980 3117 receperunt.
1012 3034 1134 3100 Hic
1157 3037 1374 3100 sancti
1402 3034 1791 3100 Franscisci
1820 3033 2175 3098 historiam
2200 3035 2510 3117 aliasque

372 3160 607 3243 pinxit.
646 3157 875 3225 Pauco
902 3160 1261 3226 intervallo
1291 3177 1330 3224 a
1360 3158 1581 3224 Monte
1619 3158 1909 3223 Falcone
1938 3157 2147 3225 distat
2173 3157 2499 3237 Asinium,

372 3283 553 3365 quod
591 3281 912 3349 Benotius
957 3300 1170 3365 saepe
1215 3284 1511 3348 invisere
1559 3287 1854 3364 poterat,
1891 3282 2045 3349 lotti
2087 3288 2157 3352 ut
2196 3286 2504 3351 studeret

369 3407 657 3490 picturis
687 3425 858 3489 quas
889 3406 1182 3474 feliciter
1214 3408 1628 3473 imitabatur.

459 3530 791 3598 Perfectis
867 3529 1090 3597 Monte
1189 3531 1479 3597 Falcone
1560 3535 1887 3613 operibus
1968 3533 2290 3600 Perusiae
2376 3533 2498 3597 ali-

368 3656 667 3737 quandiu
712 3654 1065 3731 habitavit,
1119 3659 1190 3720 et
1233 3656 1401 3718 mira
1445 3655 1627 3718 illius
1667 3661 1890 3719 terrae
1941 3654 2243 3718 suavitas
2281 3651 2496 3732 pluri-

372 3800 547 3846 mum
581 3782 644 3846 in
667 3781 887 3845 animo
905 3779 1334 3862 depingentis
1357 3779 1649 3844 valebat.
1678 3777 1820 3842 Jam
1850 3780 1912 3840 in
1932 3778 2083 3860 ipsa
2101 3777 2322 3858 patria
2346 3776 2494 3860 ejSu

366 3907 618 3989 ingenii
680 3905 861 3971 fama
922 3907 1173 3969 tantam
1233 3904 1366 3970 vim
1421 3902 1723 3967 habebat
1776 3906 1847 3967 ut
1901 3900 2144 3967 divites
2196 3899 2494 3969 Medices

367 4046 583 4096 novae
610 4030 854 4095 domus
888 4029 1213 4095 sacellum
1247 4028 1309 4093 ei
1342 4025 1841 4109 depingendum
1869 4021 2391 4089 committerent.
2421 4021 2492 4084 ln

368 4155 726 4238 splendido
766 4155 1087 4221 hocloco
1133 4154 1332 4237 longe
1383 4154 1620 4218 aberat
1677 4148 1997 4215 Benotius
2050 4147 2134 4211 ab
2184 4150 2489 4230 egestate

365 4280 671 4346 Fratrum
732 4278 1104 4357 Minorum3
1169 4278 1343 4344 haud
1414 4281 1600 4342 certe
1666 4277 1812 4357 ipse
1881 4271 2193 4353 locuples
2256 4270 2483 4347 fiebat,
