3173 5096
1528 543 1890 605 -72—

593 714 991 799 'morietun
1059 738 1089 771 »
1124 712 1467 778 ‘Benotius
1524 713 1833 779 homines
1900 711 2090 777 finxit
2143 715 2255 794 qui
2313 715 2513 796 palos
2570 715 2782 798 inspi-

637 837 858 904 ciente
892 836 1124 919 Moyse
1164 838 1230 901 in
1267 840 1517 903 terram
1558 835 1884 920 defigunt.
1929 837 2181 904 Deinde
2233 838 2426 905 solus
2469 842 2781 907 ascendit

641 960 936 1045 Moyses,
977 963 1274 1045 populus
1313 978 1497 1027 vvero
1549 962 1677 1027 sub
1730 966 1955 1028 monte
1998 966 2246 1029 manet.
2296 947 2330 1019 ἑ(
2374 963 2456 1029 Et
2492 962 2578 1050 (l)
2614 982 2775 1031 ecce

641 1089 1017 1168 coeperunt
1061 1086 1278 1151 audiri
1332 1087 1634 1151 tonitrua
1676 1102 1755 1152 ac
1813 1086 2065 1152 micare
2124 1086 2395 1171 fulgura
2440 1092 2510 1153 et
2559 1088 2776 1155 nubes

643 1210 1054 1276 densissima
1141 1212 1412 1291 operire
1500 1214 1844 1289 montem;
1943 1211 2359 1295 clangorque
2445 1212 2775 1278 buccinae

642 1336 1111 1401 vehementius
1151 1334 1670 1417 perstrepabat3
1729 1338 1798 1401 et
1851 1335 2072 1400 timuit
2119 1336 2414 1416 populus
2462 1337 2576 1418 qui
2624 1340 2772 1402 erat

640 1460 705 1523 in
747 1462 1016 1525 castris.
1067 1485 1099 1517 »
1143 1460 1352 1535 Quem
1401 1460 1713 1526 timorem
1754 1461 1978 1543 pictor
2031 1459 2352 1526 sollerter
2399 1462 2764 1542 expressit.

636 1584 898 1650 Adsunt
963 1586 1275 1651 homines
1340 1588 1473 1649 tam
1541 1586 1848 1650 exterriti
1906 1589 1978 1650 ut
2030 1601 2113 1651 ne
2164 1589 2461 1651 montem
2502 1586 2771 1667 quidem

636 1710 886 1774 intueri
927 1708 1240 1775 audeant.
1292 1709 1468 1774 Puer
1509 1725 1676 1776 vero
1726 1710 2081 1791 parvulum
2134 1698 2332 1775 'suum
2386 1708 2665 1776 fratrem
2701 1715 2773 1776 ut

637 1850 789 1899 eum
829 1836 1011 1899 metu
1048 1834 1226 1901 levet
1268 1834 1446 1898 collo
1479 1832 1821 1899 admovet.
1868 1833 2199 1901 Parvulus
2232 1834 2408 1899 alius
2440 1834 2503 1898 in
2533 1835 2772 1900 matris

637 1959 966 2041 gremium
1019 1957 1360 2041 confugit3
1415 1958 1656 2024 mulier
1712 1958 2044 2040 quaedam
2090 1976 2293 2025 aures
2346 1977 2511 2025 suas
2565 1961 2771 2023 mani-

635 2083 764 2149 bus
793 2083 1086 2150 obturat.
1125 2082 1253 2148 Sed
1286 2084 1612 2165 paulatim
1647 2085 1893 2149 montis
1927 2082 2316 2166 fragoribus
2348 2087 2761 2151 assuescunt

641 2208 1043 2289 timorisque
1094 2208 1285 2272 obliti
1325 2225 1501 2273 nunc
1543 2207 1826 2273 vitulum
1878 2225 2158 2273 aureum
2215 2208 2527 2273 adorant.
2595 2208 2771 2273 Unus

622 2329 885 2397 'revera
924 2333 1128 2396 bomo
1171 2336 1325 2397 ante
1376 2332 1656 2397 vitulum
1696 2332 2102 2413 procumbit.
2148 2332 2422 2397 Vicinus
2471 2332 2770 2398 demisso

641 2457 863 2538 capite
901 2459 1036 2522 stat
1072 2454 1295 2521 Aaron
1338 2455 1532 2538 cujus
1572 2456 1846 2521 animus
1887 2457 2129 2537 culpae
2171 2454 2528 2521 formidine
2560 2456 2771 2537 trepi-

642 2583 776 2647 dat.
812 2581 1051 2663 Populi
1076 2598 1241 2647 vero
1273 2582 1565 2645 maxima
1592 2598 1754 2662 pars
1786 2607 1815 2638 «
1848 2584 2294 2646 surrexerunt
2320 2577 2408 2666 (2)
2434 2580 2695 2647 ludere.
2737 2605 2767 2638 »

640 2707 870 2772 Violas
911 2705 1405 2771 adolescentuli
1452 2706 1718 2787 plectro
1771 2706 2070 2786 pulsant,
2132 2705 2573 2787 cymbalaque
2613 2720 2771 2785 per-

642 2832 924 2907 cutiunt,
981 2829 1138 2895 dum
1169 2831 1437 2911 puellae
1470 2832 1724 2896 choros
1757 2830 2011 2895 ducunt
2049 2830 2529 2911 pulcherrimis
2559 2829 2773 2897 vesti—

639 2955 767 3021 bus
789 2954 1086 3021 indutae.
1124 2954 1204 3020 At
1239 2955 1636 3036 supervenit
1669 2955 1962 3036 Moyses.
2003 2978 2034 3010 «
2071 2951 2365 3035 Cumque
2400 2950 2493 3039 (3)
2524 2970 2773 3035 appro-

642 3080 1040 3160 pinquasset
1071 3078 1154 3144 ad
1187 3082 1440 3158 castra,
1474 3079 1641 3144 vidit
1671 3079 1951 3144 vitulum
1981 3083 2048 3144 et
2088 3081 2340 3145 choros
2373 3094 2386 3140 ε
2423 3079 2770 3159 iratusque

642 3203 839 3270 valde
903 3201 1193 3286 projecit
1232 3203 1315 3269 de
1379 3221 1580 3269 manu
1643 3204 1911 3269 tabulas
1974 3207 2042 3270 et
2109 3202 2446 3287 confregit
2512 3219 2632 3269 eas
2690 3203 2772 3267 ad

642 3327 940 3394 radicem
981 3327 1252 3394 montis.
1301 3353 1332 3385 »
1377 3326 1704 3394 Benotius
1736 3345 1868 3392 non
1910 3327 2339 3393 furibundum
2381 3326 2504 3393 sed
2546 3343 2774 3394 moes-

643 3452 980 3551 tissimum
1031 3450 1309 3534 Moysen
1357 3452 1577 3527 finxit;
1634 3453 1904 3519 tabulae
1968 3470 2102 3518 non
2152 3453 2234 3518 ab
2293 3469 2376 3519 eo
2438 3452 2773 3537 violenter

641 3576 1086 3659 projiciunter
1112 3577 1233 3642 sed
1265 3576 1347 3642 de
1382 3578 1693 3643 manibus
1724 3577 2065 3643 excidunt.
2119 3578 2371 3643 Pictori
2408 3581 2595 3643 certe
2637 3593 2768 3641 non

640 3704 788 3767 erat
828 3702 892 3765 in
936 3702 1160 3766 animo
1204 3702 1681 3769 adolescentes
1724 3703 2142 3784 exprobrare
2178 3702 2292 3784 qui
2333 3703 2767 3768 occasionem

639 3825 722 3888 ad
760 3827 1013 3891 choros
1049 3825 1403 3891 ducendos
1454 3826 1876 3904 habuerunt;
1925 3844 2075 3891 nam
2120 3827 2304 3891 illum
2358 3827 2769 3892 arbitramur

636 3949 860 4015 Flacci
902 3951 1207 4015 consiliis
1239 3967 1574 4017 annuere:
2824 3926 2830 3932 ’

712 4162 782 4229 (1)
820 4161 980 4215 Liber
1006 4161 1206 4229 Eoeodi,
1237 4166 1543 4233 caputx1x,
1578 4166 1658 4216 16.

708 4252 779 4321 (2)
813 4250 970 4304 Liber
996 4250 1193 4317 Eoeodi,
1221 4256 1396 4320 caput
1424 4268 1551 4317 xxu,
1580 4255 1630 4305 6.

718 4339 790 4410 (3)
819 4340 979 4393 Liber
1004 4339 1202 4407 Eoeodi,
1233 4343 1408 4408 caput
1434 4356 1597 4405 xxxn,
1633 4344 1717 4394 19.
