3173 5096
1206 503 1561 566 ...15-

408 674 551 741 Hoc
599 676 872 741 tandem
937 674 1206 738 immani
1267 688 1477 753 opere
1534 669 1839 751 perfecto
1890 669 2214 737 Benotius
2255 673 2445 753 quie-

319 804 454 864 tam
487 801 909 865 senectutem
949 800 1126 863 inter
1155 797 1412 863 liberos
1445 797 1840 879 amicosque
1879 797 2154 864 videtur
2188 797 2443 882 egisse.

316 922 715 990 Defunctum
786 922 1076 1003 denique
1153 921 1289 987 vita
1368 921 1595 988 Pisani
1675 920 1870 1004 juxta
1941 922 2272 1005 parietem
2311 938 2451 987 >se-

316 1049 656 1129 pelierunt
712 1047 827 1111 ubi
885 1047 1108 1112 laetus
1175 1062 1449 1129 semper
1497 1046 1663 1111 vivit
1711 1045 1860 1129 eJ’us
1917 1047 2181 1113 animus
2232 1045 2453 1113 subri-

314 1170 563 1252 detque
596 1170 930 1253 benignus
963 1171 1590 1252 praetereuntibus

403 1293 740 1375 Operibus
803 1311 1021 1376 prope
1081 1297 1229 1360 tota
1288 1294 1623 1361 artificum
1677 1295 1816 1361 vita
1877 1297 2284 1362 continetur.
2349 1294 2445 1359 Ad

313 1418 829 1500 perspiciendas
867 1420 1076 1502 igitur
1114 1436 1350 1484 corum
1384 1421 1842 1504 cogitationes
1875 1437 2085 1502 opera
2113 1419 2179 1483 in
2208 1418 2447 1500 primis

314 1543 688 1626 spectanda
732 1547 911 1609 sunt.
950 1543 1104 1610 Mox
1132 1549 1427 1627 quatuor
1474 1542 1739 1611 Benotii
1788 1545 2160 1627 praecipua
2212 1559 2447 1609 monu-

314 1675 541 1735 menta
564 1669 867 1735 vicissim
898 1670 1509 1745 considerabimus,
1559 1670 1677 1736 sed
1710 1671 1915 1737 etiam
1951 1671 2014 1733 in
2069 1668 2448 1733 minoribus

246 1811 260 1822 ·
313 1793 639 1875 operibus
673 1792 820 1875 ejus
849 1792 1271 1876 significatur
1296 1796 1640 1877 ingenium
1670 1794 1851 1876 quod
1883 1793 2303 1858 alacritatem
2328 1808 2446 1856 an-

314 1917 618 1998 teposuit
648 1915 1021 1983 severitati.
1046 1917 1207 1982 Nam
1229 1918 1373 1983 sive
1391 1917 1747 1998 profanae,
1784 1935 1927 1983 sive
1961 1933 2201 1982 sacrae
2235 1917 2445 1980 histo-

316 2041 457 2106 riae
478 2041 1035 2120 interpretantur,
1059 2042 1255 2121 quasi
1279 2038 2022 2124 semperinestaliquid
2052 2040 2316 2106 Benotii
2343 2042 2447 2104 ta-

314 2167 494 2231 bulis
515 2165 695 2246 quod
716 2166 980 2231 dulcem
1000 2166 1210 2230 risum
1232 2165 1476 2232 suadet
1496 2168 1857 2249 spectanti.
1891 2165 2067 2230 Nihil
2078 2164 2447 2249 jucundius

314 2290 597 2356 inveniri
647 2293 879 2370 potest
920 2287 1210 2371 quadam
1254 2291 1485 2357 tabula
1534 2308 1708 2375 quae
1759 2291 1843 2356 ab
1897 2307 1980 2357 eo
2022 2290 2291 2372 depicta
2325 2307 2449 2371 pu-

315 2419 495 2479 tatur
525 2419 594 2479 ct
625 2414 918 2480 Helenae
954 2417 1221 2495 raptum
1252 2414 1553 2480 ostendit
1589 2412 1706 2501 (1).
1751 2413 2161 2480 insidentem
2205 2416 2445 2479 hume-

313 2540 431 2613 ris,
498 2538 824 2604 cruribus
907 2555 992 2604 ex
1062 2542 1348 2621 utraque
1401 2543 1593 2622 parte
1658 2538 1903 2621 capitis
1980 2539 2251 2620 positis,
2319 2536 2443 2603 de-

311 2680 597 2729 currens
635 2663 824 2729 Paris
857 2663 940 2729 de
978 2663 1182 2729 domo
1211 2663 1495 2731 Menelai
1524 2662 2113 2731 Helenamaufert
2147 2661 2448 2728 fortiter-
2519 2636 2524 2643 ⁴

222 2770 229 2776 ’
312 2805 442 2870 que
507 2788 789 2853 brachia
846 2791 1033 2855 tenet
1089 2791 1433 2865 manibus;
1484 2788 1623 2871 jam
1677 2790 1871 2854 navis
1934 2787 2188 2852 abitum
2252 2791 2448 2868 parat

310 2912 700 2995 frustraque
748 2916 882 2979 ruit
932 2913 1167 2980 infelix
1225 2912 1533 2977 maritus.
1588 2909 1869 2974 Diversa
1923 2907 2233 2972 hilaritas
2269 2907 2452 2971 inest

309 3038 578 3104 duobus
628 3039 1045 3121 argumentis
1110 3038 1290 3103 vitae
1340 3033 1563 3100 Sancti
1624 3031 2011 3113 Hieronymi
2068 3047 2108 3094 a
2162 3029 2446 3096 Benotio

309 3160 535 3226 Monte
576 3161 866 3228 Falcone
922 3161 1236 3244 depictis.
1283 3158 1355 3223 ln
1399 3159 1630 3240 priore
1679 3154 1903 3221 adbuc
1940 3154 2220 3237 juvenis
2251 3153 2452 3219 adest

311 3286 758 3368 Hieronymus
813 3288 927 3367 qui
998 3284 1364 3351 cardinalis
1434 3287 1748 3365 petasum
1826 3280 2014 3366 humi>
2079 3278 2312 3361 abjicit
2380 3283 2448 3344 et

312 3411 637 3489 quantum
674 3406 1035 3475 Romanam
1067 3411 1401 3476 luxuriam
1439 3408 1847 3489 aspernetur
1887 3403 2078 3469 socio
2111 3403 2436 3468 declarat.

311 3532 379 3596 ln
418 3532 635 3598 altera
688 3531 829 3613 jam
883 3548 1094 3598 senex
1147 3534 1518 3613 calvusque
1575 3530 1841 3610 spinam
1897 3545 1933 3594 e
1987 3528 2163 3610 pede
2221 3524 2444 3593 leonis

308 3658 627 3735 extrahit,
669 3658 977 3723 exterriti
1012 3674 1177 3723 vero
1223 3655 1450 3739 fugam
1508 3653 1900 3719 accelerant
1940 3651 2113 3716 socii
2151 3666 2440 3732 quorum

309 3800 484 3850 unus
537 3790 611 3848 ut
652 3781 941 3865 pedibus
997 3780 1083 3846 sit
1138 3779 1430 3845 celerior
1492 3778 1786 3842 tunicam
1838 3792 2040 3839 manu
2099 3775 2436 3841 sublevat.

307 3907 530 3973 Sancti
563 3906 935 3973 Geminiani
968 3921 1128 3972 vero
1170 3904 1441 3986 pictura
1477 3899 1815 3981 quaedam
1856 3901 1965 3964 est
1998 3899 2065 3962 in
2109 3900 2439 3965 honorem

308 4034 534 4100 Sancti
565 4030 941 4098 Sebastiani
986 4031 1097 4112 qui
1135 4032 1311 4094 hanc
1358 4026 1702 4092 civitatem
1731 4024 1815 4088 ab
1847 4024 1948 4089 ira
1980 4024 2262 4090 caelesti
2297 4040 2442 4089 ser-

1786 4191 1818 4213 Q

379 4305 455 4372 (1)
484 4299 649 4355 Nunc
680 4303 947 4354 servatur
972 4316 1041 4353 ea
1070 4295 1271 4353 tabula
1298 4295 1357 4349 in
1379 4292 1614 4366 publica
1638 4290 2024 4365 pinacotheca
2054 4288 2429 4344 Londinensi.
