3173 5096
1519 547 1604 555 —
1664 510 1879 573 64—-

628 681 839 746 Jacob
879 681 1144 762 pectori
1189 696 1313 745 suo
1362 697 1631 745 manum
1663 680 1950 762 imponit
2006 679 2360 745 veritatem
2404 679 2759 746 simulans.

630 804 899 870 Dubitat
948 800 1162 882 Isaac,
1210 803 1476 869 tandem
1527 819 1683 869 eum
1729 803 2090 869 benedicit.
2142 802 2235 868 At·
2271 805 2382 868 vix
2437 805 2757 877 surrexit,

629 945 781 994 cum
832 930 1226 1008 supervenit
1288 928 1467 994 Esaii
1519 935 1585 993 et
1645 929 1823 1009 patri
1889 926 2274 993 confectum
2344 930 2760 1009 pulmentum

626 1052 850 1119 offert.
898 1052 1063 1118 Tum
1108 1049 1303 1118 lsaac
1353 1052 1583 1118 dolum
1625 1053 1831 1118 sentit
1883 1056 1951 1117 et
1991 1054 2241 1118 amaris
2274 1053 2505 1119 verbis
2542 1053 2762 1119 incre-

624 1194 789 1258 pare
825 1180 1061 1254 tentat,
1104 1176 1222 1242 sed
1250 1177 1312 1242 ei
1340 1178 1605 1242 animus
1636 1174 1966 1242 infirmior
1996 1182 2102 1243 est
2133 1194 2334 1258 quam
2367 1180 2438 1242 ut
2477 1192 2758 1242 uxorem

620 1301 967 1383 Jacobque
1040 1299 1376 1383 objurget.
1442 1301 1622 1365 Esaii
1683 1316 1890 1388 canes
1959 1302 2224 1382 patinas
2295 1301 2670 1366 odorantur
2719 1309 2757 1366 e

622 1426 870 1507 quibus
937 1425 1159 1511 cibum
1221 1426 1514 1507 sumpsit
1571 1424 1765 1490 Isaac
1823 1429 1893 1490 et
1957 1425 2088 1505 ipsi
2139 1425 2411 1490 minime
2456 1426 2757 1491 contenti

619 1549 959 1614 videntur.

707 1672 778 1735 ln
830 1672 1061 1737 tabula
1109 1671 1646 1760 duodecimall)
1698 1675 1983 1758 ignavus
2024 1676 2220 1754 pater
2264 1673 2505 1738 iterum
2542 1673 2753 1739 Jacob

618 1796 982 1875 benedicit,
1031 1814 1231 1877 quem
1286 1798 1351 1861 in
1411 1797 1656 1863 domus
1732 1798 1977 1882 angulo
2019 1800 2236 1861 mater
2296 1800 2524 1863 monet
2572 1798 2751 1863 Esaii

616 1923 860 1986 iratum
922 1919 984 1987 ei
1035 1928 1319 1988 mortem
1367 1924 1629 1987 minari.
1680 1922 1877 2007 Fugit
1916 1938 2086 2011 =ergo
2132 1920 2347 1987 Jacob
2401 1926 2470 1988 et
2511 1924 2749 2004 procul

614 2046 916 2111 cernitur
973 2046 1319 2112 dormiens
1366 2023 1759 2128 scalamque
1832 2065 1984 2113 cum
2048 2048 2310 2130 angelis
2373 2047 2745 2112 somnians.

613 2171 796 2235 Talia
834 2172 1159 2236 miracula
1191 2189 1425 2253 parum
1461 2177 1655 2237 curat
1677 2171 2036 2246 Benotius;
2071 2171 2283 2238 Jacob
2316 2176 2555 2236 contra
2586 2188 2748 2237 con-

612 2294 930 2359 sobrinae
964 2311 1129 2360 suae
1172 2295 2192 2379 occurrentemdiligentissime
2221 2294 2567 2376 elfinxit.·«
2590 2294 2751 2361 Pro-

610 2417 832 2483 fectus
883 2415 977 2503 (2)
1025 2434 1192 2503 ergo
1257 2417 1472 2484 Jacob
1522 2421 1709 2485 venit
1764 2422 1825 2483 in
1867 2424 2123 2484 terram
2174 2417 2608 2484 orientalem.
2668 2419 2750 2484 Et

616 2541 780 2607 vidit
809 2545 1086 2623 puteum
1123 2544 1186 2606 in
1230 2560 1420 2626 agro,
1465 2547 1607 2609 tres
1648 2560 1919 2625 quoque
1962 2561 2210 2627 greges
2249 2543 2477 2610 ovium
2509 2543 2745 2609 ambu-

615 2667 833 2732 lantes
854 2665 1047 2749 juxta
1082 2684 1236 2733 eum
1277 2687 1289 2732 :
1331 2685 1483 2732 nam
1529 2685 1614 2733 ex
1648 2669 1763 2734 illo
1803 2668 2324 2750 adaquabantur
2363 2685 2639 2750 pecora,
2681 2672 2748 2734 et

614 2806 693 2854 os
724 2790 872 2872 eJus
904 2789 1139 2873 grandi
1170 2790 1394 2870 lapide
1435 2791 1989 2858 claudebatur....
2033 2793 2203 2858 Ecce
2235 2791 2489 2858 Rachel
2514 2794 2744 2859 venie·—

684 3053 754 3122 (1)
781 3050 1196 3124 Inscriptiones
1221 3053 1424 3109 subter
1448 3053 1682 3109 tabulas
1702 3060 1840 3110 sunt
1862 3071 2013 3126 quae
2039 3055 2254 3126 parlim
2284 3054 2530 3126 periere.
2558 3055 2744 3111 Beno-

613 3139 759 3194 tium
804 3140 994 3213 ipsum
1052 3141 1412 3197 arbitramur
1457 3159 1556 3197 eas
1599 3143 2027 3215 composuisse.
2075 3142 2231 3199 Haec
2276 3142 2493 3215 legitur
2538 3144 2744 3200 subter

609 3228 1017 3284 duodecimam
1049 3228 1347 3285 tabulam:
1377 3232 1532 3286 Come
1560 3235 1678 3286 [sac
1700 3250 1726 3285 e
1752 3233 1982 3287 Rebecca
2007 3233 2309 3286 mandorno
2329 3234 2487 3287 Iacob
2505 3235 2742 3287 aLaban

600 3319 803 3388 perche
855 3320 1003 3371 Esau
1043 3334 1175 3372 avea
1201 3326 1434 3387 pensato
1480 3319 1889 3374 d'ammazarlo.
1940 3321 2246 3374 Dormendo
2297 3322 2448 3375 Iacob
2500 3323 2624 3376 vide
2632 3361 2737 3377 .....

609 3423 635 3461 e
664 3406 849 3474 an9eli
872 3407 965 3460 che
994 3407 1241 3460 salivano
1271 3424 1297 3461 e
1321 3408 1675 3462 scendcvanO.
1707 3411 1754 3462 E
1776 3409 2036 3463 andando
2069 3410 2221 3463 trovo
2249 3426 2325 3464 un
2344 3426 2510 3479 pozzo
2536 3410 2668 3466 dove
2692 3410 2742 3465 el

609 3496 865 3549 bestiame
910 3497 1105 3548 veniva
1160 3513 1192 3548 a
1241 3497 1380 3550 bere.
1437 3498 1690 3551 Levando
1733 3498 1787 3551 la
1828 3500 2016 3566 pietra
2060 3499 2197 3565 fulli
2239 3506 2439 3552 mostro
2479 3500 2676 3553 Rachel
2713 3518 2741 3552 e

608 3584 870 3661 bacclolla
899 3601 927 3638 e
956 3589 1058 3661 pol
1092 3588 1211 3651 fece
1246 3592 1405 3655 pallo
1443 3602 1542 3639 con
1584 3586 1772 3639 Laban
1810 3588 1870 3640 di
1906 3587 2132 3641 servlrlo
2162 3594 2294 3641 secte
2334 3591 2469 3642 anni
2510 3605 2537 3641 e
2578 3589 2659 3642 lui
2698 3589 2739 3641 ἱὶ

605 3673 753 3728 desse
784 3673 984 3727 Rachel
1006 3691 1109 3744 per
1138 3675 1324 3728 donna
1343 3691 1369 3728 e
1389 3677 1538 3744 finiti
1563 3679 1701 3737 anni
1720 3662 1853 3730 selle
1877 3676 2067 3729 Laban
2094 3678 2213 3742 fece
2245 3677 2292 3730 le
2318 3693 2479 3731 nozze
2507 3677 2737 3732 danduli

605 3763 726 3815 Lia.
757 3764 914 3819 Iacob
937 3766 987 3817 si
1014 3764 1162 3818 dolse
1181 3764 1248 3817 de
1280 3763 1595 3830 lo'nyannO.
1623 3765 1814 3818 Laban
1835 3767 1992 3831 infra
2018 3772 2138 3819 olto
2164 3765 2226 3819 di
2252 3766 2292 3819 li
2327 3766 2450 3819 dete
2480 3766 2680 3820 Rachel
2711 3783 2737 3820 e

602 3851 764 3903 Iacob
797 3851 836 3914 ll
872 3868 1020 3906 serve
1053 3859 1185 3907 secte
1211 3854 1345 3906 altri
1369 3856 1506 3906 anni
1542 3870 1566 3906 e
1593 3856 1673 3906 sei
1701 3856 1836 3907 anni
1865 3857 2009 3908 servi
2038 3871 2072 3909 a
2096 3861 2260 3924 parte
2278 3857 2373 3924 poi
2405 3856 2445 3908 ll
2471 3856 2734 3909 comancio

603 3939 758 3992 ladio
789 3941 884 3993 che
911 3943 957 3994 si
995 3943 1247 4009 par-cisse.
1294 3943 1482 3995 Laban
1514 3942 1556 3995 li
1595 3942 1738 3996 ando
1766 3943 1965 3996 dirieto
2006 3960 2104 3996 con
2134 3945 2641 3998 malanimo.‘1ddio
2682 3946 2733 4001 lo

602 4029 862 4081 minaccio
892 4045 917 4082 e
946 4032 1136 4095 9iunto
1176 4047 1206 4084 a
1237 4031 1395 4084 Iacob
1421 4034 1469 4084 si
1498 4031 1650 4107 dolse
1686 4031 1832 4087 della
1866 4049 1967 4086 saa
1996 4035 2213 4101 partita
2242 4049 2258 4085 .·
2301 4036 2349 4088 E
2388 4034 2501 4087 ami
2538 4035 2734 4099 furato

601 4117 653 4169 el
680 4118 786 4169 mio
815 4117 975 4170 Idalio
1006 4117 1171 4173 d'oro.
1200 4122 1246 4172 Ε
1274 4120 1433 4174 Iacob
1465 4121 1608 4174 disse
1634 4126 1842 4174 cereale
1871 4137 1898 4173 e
1928 4123 2192 4176 cercando
2224 4123 2365 4176 nolli
2394 4122 2541 4176 trovo
2570 4140 2598 4175 e
2616 4125 2731 4190 fece

602 4206 852 4258 alleanza
882 4221 983 4259 con
1016 4207 1197 4260 Laban
1230 4225 1256 4261 e
1286 4209 1550 4261 trovando
1580 4209 1741 4262 Iacob
1773 4225 1847 4261 un
1873 4210 2065 4276 anqelo
2088 4209 2130 4263 e'
2160 4216 2276 4276 fece
2308 4213 2467 4265 lotta.

672 4293 747 4364 (2)
777 4294 932 4346 Liber
966 4294 1201 4363 Genesi3‚
1235 4299 1408 4366 caput
1442 4313 1584 4362 xxix,
1625 4300 1674 4360 1,
1705 4301 1851 4351 2
1886 4300 1936 4362 9,
1975 4301 2053 4365 10,
2087 4302 2169 4352 11.
2508 4297 2511 4301 ’
