3173 5096
1601 515 1952 578 ...10—

799 685 1048 761 Quales
1082 684 1332 750 fuerint
1376 683 1656 750 Benotio
1702 685 1856 749 anni
1901 686 2202 766 pueriles
2245 686 2619 751 nescimus·
2652 685 2843 751 Veri·-

711 809 930 875 simile
984 814 1092 875 est
1136 826 1287 876 eum
1324 827 1365 875 a
1405 810 1626 891 prima
1674 808 2139 874 adolescentia
2173 808 2453 874 artificis
2489 809 2839 892 cujusdam

711 934 1051 1000 alumnum
1097 933 1335 1000 fuisse.
1369 934 1672 1011 Quatuor
1705 939 1774 1000 et
1807 933 2040 1017 viginti
2085 935 2280 999 annis
2324 939 2523 1000 natus
2572 934 2844 1016 adjutor

712 1029 1207 1126 fuifLaurentii
1249 1058 1554 1126 Ghiberti
1609 1059 1721 1140 qui
1769 1060 1976 1124 miras
2022 1058 2256 1140 templi
2300 1059 2518 1124 sancti
2567 1058 2840 1124 Ioannis

709 1183 944 1249 valvas
984 1186 1143 1249 tunc
1178 1181 1547 1268 effingebat
1590 1181 1702 1269 (l).
1746 1183 1907 1248 Tam
1949 1184 2116 1248 clari
2154 1184 2491 1265 peritique
2533 1160 2842 1266 magistri

710 1304 1137 1388 disciplinam
1193 1307 1388 1389 sequi
1452 1308 1714 1389 optima
1781 1311 1928 1374 erat
1991 1306 2280 1374 Benotio
2332 1306 2630 1384 fortuna,
2689 1323 2839 1372 cum

712 1430 862 1511 ipse
897 1430 1301 1497 Laurentius
1337 1433 1728 1514 sculptores
1769 1449 2062 1517 graecos
2106 1433 2487 1499 imitaretur
2523 1435 2592 1499 et
2627 1431 2841 1515 signis

712 1554 1175 1622 incredibilem
1212 1557 1416 1622 vitam
1477 1557 2180 1639 pulchritudinemque
2217 1557 2517 1624 afferret.
2555 1557 2841 1622 Dubium

710 1682 817 1744 est
850 1678 1197 1746 Benotium
1250 1698 1400 1746 eum
1440 1680 1788 1765 adjuvisse
1836 1682 1901 1745 in
1951 1680 2372 1748 delineandis
2420 1681 2837 1766 argumentis

708 1803 956 1884 quibus
1022 1811 1351 1871 ornantur
1430 1807 1694 1873 valvae.
1770 1806 2322 1876 Animadvertere
2390 1811 2616 1872 tamen
2681 1805 2840 1870 licet

708 1927 890 1994 illius
922 1928 1104 1995 modi
1140 1930 1535 2012 sculpturas
1571 1932 1658 1996 ab
1688 1932 1774 1997 iis
1810 1949 1984 2013 quae
2021 1936 2264 2012 postea
2291 1930 2594 2013 depinxit
2622 1928 2839 1994 Reno-

710 2053 845 2119 tius
908 2055 1159 2121 tabulis
1219 2055 1745 2122 haudmultum
1809 2056 2207 2122 abhorrere.
2259 2055 2513 2120 Plantis
2560 2070 2726 2120 vero
2772 2056 2840 2118 et

711 2178 952 2244 avibus
983 2196 1158 2261 quae
1196 2181 1387 2262 repla
1409 2179 1658 2263 januae
1692 2181 2024 2247 adornant
2063 2179 2412 2246 Benotium
2449 2178 2842 2245 admovisse

711 2319 950 2369 manus
984 2305 1355 2371 verisimile
1427 2308 1572 2384 est3
1640 2323 1792 2370 nam
1851 2323 1985 2372 non
2039 2307 2260 2372 solum
2315 2303 2662 2371 hominum
2715 2301 2837 2367 scd

711 2425 932 2525 omnis
972 2441 1198 2499 rerum
1236 2429 1517 2491 naturae
1549 2426 1764 2492 decus
1796 2426 2230 2508 interpretari
2266 2424 2741 2491 contendebat.

800 2547 984 2616 Haec
1044 2555 1234 2617 aetas
1281 2550 1405 2617 fuit
1466 2568 1601 2632 qua
1667 2553 2057 2633 sculptores
2104 2552 2474 2617 Florentini
2529 2550 2707 2615 inter
2764 2565 2875 2643 se·

711 2680 859 2741 arte
971 2677 1262 2742 maxime
1364 2647 1758 2743 certabant(
1845 2677 2008 2743 Nam
2103 2676 2260 2741 dum
2347 2675 2592 2758 januas
2688 2674 2842 2738 illas
2897 2653 2902 2658 ’

710 2801 999 2885 fingeret
1064 2801 1491 2877 LaurentiuS,
1586 2803 1721 2867 alia
1799 2818 2014 2885 opera
2116 2799 2312 2884 cujus
2408 2797 2841 2881 pulchritudo

712 2926 924 2993 ferme
964 2943 1089 3008 par
1119 2929 1228 2992 est
1267 2944 1306 2992 a
1349 2925 1600 3009 lacopo
1649 2927 1978 3004 Querciae
2028 2931 2096 2993 et
2133 2926 2314 2991 Luca
2361 2923 2662 2989 Robbiae
2704 2921 2843 2987 for-

712 3052 1090 3117 mabantur.
1155 3051 1456 3117 Donatus
1534 3068 1701 3118 vero
1776 3054 1932 3119 viva
2009 3051 2126 3115 illa
2194 3048 2576 3115 excudebat
2651 3048 2846 3131 signa

711 3178 946 3259 templi
1017 3179 1080 3241 in
1150 3180 1352 3244 horto
1419 3175 1646 3243 Sancti
1714 3176 2089 3243 Michaelis.
2165 3174 2244 3238 Et
2313 3173 2842 3238 architectorum

712 3317 927 3382 opera
996 3301 1317 3368 Benotius
1380 3301 1702 3366 admirari
1771 3301 2026 3381 potuit;
2105 3315 2255 3362 nam
2329 3302 2635 3378 tempore
2706 3309 2839 3376 quo

703 3425 952 3507 januae
1012 3427 1244 3509 templi
1298 3424 1524 3492 Sancti
1585 3424 1857 3491 loannis
1912 3422 2423 3489 fabricabantur
2481 3422 2842 3486 immanem

712 3549 1061 3633 Philippus
1101 3550 1580 3617 Bruncllescus
1622 3547 2084 3615 testitudinem
2124 3547 2435 3612 altiorem
2471 3543 2623 3610 lotti
2673 3542 2842 3608 turri

784 3836 858 3906 (l)
912 3834 1342 3890 Documentum
1390 3834 1546 3905 quod
1603 3848 1764 3888 nunc
1816 3837 1905 3888 est
1953 3830 2015 3885 in
2060 3829 2298 3886 arctho
2351 3826 2691 3882 Florentino
2736 3825 2840 3880 de-

711 3927 1005 3980 monstrat
1073 3924 1381 3979 Benotium
1451 3921 1898 3993 stipulationem
1965 3936 2017 3974 a.
2101 3919 2158 3973 d.
2236 3935 2288 3972 ix
2334 3916 2483 3972 Kal.
2556 3914 2835 3971 Februar.

709 4011 1124 4070 MCCCCXLlV
1150 4028 1284 4068 cum
1321 4010 1642 4066 Laurentio
1673 4014 1731 4065 et
1758 4008 2006 4065 Vittorio
2034 4006 2297 4063 Ghiberti
2335 4006 2559 4061 fecisse.
2593 4003 2839 4059 Pollice-

708 4104 883 4158 batur
925 4099 1207 4157 Benotius
1255 4116 1316 4155 se
1356 4099 1651 4155 secundae
1692 4099 1915 4170 januae
1954 4093 2160 4167 templi
2208 4094 2396 4150 sancti
2441 4093 2676 4148 loannis
2719 4095 2840 4147 tres

708 4208 899 4248 annos
916 4206 1155 4262 operam
1182 4189 1481 4243 daturum.
1508 4186 1845 4243 Praemium
1874 4184 2268 4240 constituebat
2287 4182 2472 4238 labori
2495 4179 2669 4255 primi
2693 4181 2836 4236 anni

708 4279 1011 4350 sexaginta
1036 4277 1277 4333 fiorinos
1301 4292 1535 4344 aureOS,
1564 4275 1807 4331 secundi
1838 4272 2233 4347 septuaginta,
2261 4271 2418 4327 tertii
2446 4270 2762 4341 octoginta.
