3173 5096
1497 477 1859 541 -40—

617 648 791 725 erat,
824 646 1012 711 humi
1042 645 1305 725 sedent,
1331 645 1794 727 pulcherrima
1819 647 2152 728 quaedam
2182 647 2373 732 virgo
2403 648 2751 730 primaevo

609 768 1144 853 juventaessore
1184 770 1425 854 vigens
1465 774 1534 836 et
1572 764 1824 836 Sacrae¹
1859 769 2161 836 orationi
2204 785 2443 850 parum
2495 769 2752 835 intenta

620 892 937 961 faciemfa
976 894 1305 961 cathedra
1353 895 1602 962 avertit
1636 898 1710 961 ut
1759 894 1991 962 videat
2030 910 2114 959 an
2163 894 2445 976 elegans
2498 898 2567 959 et
2606 897 2751 959 arte

618 1018 933 1086 laborata
960 1021 1177 1087 vestis
1218 1038 1422 1103 quam
1461 1021 1769 1087 humeris
1800 1018 2143 1086 induxerit
2171 1018 2470 1085 omnium
2511 1019 2768 1084 oculos

618 1142 703 1208 ad
733 1160 808 1210 se
849 1148 1228 1213 convertat.
1269 1145 1452 1222 Quae
1480 1144 1841 1230 Augustini
1873 1146 2162 1211 venusta
2193 1160 2367 1208 uxor
2402 1141 2651 1208 fuisset
2683 1146 2754 1208 et
2807 1234 2810 1237 ·

616 1264 796 1335 forte
824 1283 975 1334 eam
1016 1268 1147 1335 sibi
1191 1285 1434 1335 nurum
1469 1267 1619 1335 fore
1651 1265 1800 1352 jam
1835 1264 1976 1334 tum
2024 1267 2292 1334 Monica
2329 1267 2652 1333 tendebat
2686 1270 2755 1332 et

614 1389 919 1459 fovebat.
952 1416 984 1450 «
1022 1392 1105 1458 Et
1139 1391 1236 1479 (1)
1259 1393 1645 1459 instabatur
1670 1393 1960 1477 impigre
1997 1395 2070 1457 ut
2095 1390 2412 1459 ducerem
2440 1407 2747 1458 uxorem.

614 1510 760 1581 Jam
801 1516 1147 1598 petebam,
1180 1516 1320 1600 ‚iam
1374 1517 1928 1600 promittebatur,
1964 1517 2254 1582 maxime
2297 1519 2511 1583 matre
2552 1515 2755 1583 dante

616 1656 898 1722 operam
907 1687 1041 1704 .....
1090 1665 1122 1699 »
1172 1639 1242 1705 ln
1298 1640 1641 1708 biennium
1682 1659 1850 1709 vero
1911 1639 2408 1707 differebantur
2444 1642 2751 1723 nuptiae,

616 1764 778 1846 quia
828 1766 1058 1847 puella
1110 1765 1407 1831 nondum
1461 1767 1784 1832 thalamis
1843 1771 2109 1832 matura
2166 1757 2517 1832 erat.'Sed
2562 1766 2756 1848 prius

618 1887 767 1972 eJus
797 1871 1061 1957 ¹oblitus
1108 1893 1216 1957 est
1255 1889 1697 1975 Augustinus,
1745 1908 1899 1956 nam
1939 1893 2078 1957 tum
2124 1893 2442 1974 petulans
2482 1891 2757 1958 adoles-

626 2029 791 2080 cens
826 2013 1104 2100 flagitiis
1141 2014 1439 2082 deditam
1467 2020 1535 2082 et
1565 2015 1917 2081 libidinum
1946 2031 2214 2081 servam
2244 2015 2452 2082 vitam
2480 2014 2751 2100 agebat.

619 2161 651 2194 «κ
694 2136 969 2205 Ιηῑθνεᾶ
997 2135 1087 2226 (2)
1118 2143 1406 2222 peccata
1443 2156 1597 2205 mea
1636 2139 2285 2221 multiplicabantur,
2332 2143 2399 2205 et
2438 2140 2677 2205 avulsa
2703 2156 2755 2205 *a

608 2259 829 2328 vlatere
893 2278 1045 2328 meo
1109 2240 1426 2346 tanquam
1497 2261 1983 2345 impedimento
2050 2262 2346 2347 conjugii
2385 2234 2562 2328 ‘cum
2622 2279 2756 2344 qua

617 2385 871 2452 cubare
913 2385 1156 2453 solitus
1205 2403 1415 2466 eram,
1458 2403 1582 2452 cor
1621 2387 1734 2452 ubi
1788 2385 2229 2464 adhaerebat,
2284 2388 2632 2454 concisum
2688 2391 2755 2452 et

615 2509 1042 2577 vulneratum
1074 2511 1236 2576 mihi
1282 2514 1431 2577 erat
1461 2514 1529 2577 et
1582 2510 1903 2577 trahebat
1933 2512 2359 2597 sanguinem.
2400 2511 2482 2603 Et
2522 2511 2638 2577 illa
2684 2511 2750 2575 in

613 2632 906 2701 Africam
935 2635 1255 2714 redierat,
1288 2652 1548 2702 vovens
1580 2635 1701 2702 tibi
1730 2636 1934 2701 alium
1962 2653 2038 2703 se
2064 2636 2283 2703 virum
2313 2638 2746 2711 nescituram,

614 2758 855 2825 relicto
888 2760 1068 2841 apud
1098 2776 1206 2827 me
1243 2760 1534 2827 naturali
1575 2776 1664 2826 ex
1700 2759 1983 2826 illafilio
2025 2777 2202 2828 meo.
2239 2759 2321 2827 At
2360 2777 2489 2846 ego
2507 2760 2757 2833 infelix

614 2899 739 2949 nec
771 2881 1061 2951 feminae
1088 2885 1416 2963 imitator,
1444 2884 1793 2952 dilationis
1825 2886 2219 2968 impatienS,
2241 2890 2561 2967 tanquam
2593 2890 2755 2968 post

597 3007 960 3073 biennium
1021 3012 1431 3091 accepturus
1498 3026 1650 3076 eam
1723 3026 1926 3091 quam
1994 3010 2336 3089 petebam,
2402 3011 2556 3102 quia
2619 3028 2751 3076 non

546 3129 549 3132 ’
615 3134 882 3197 amator
929 3132 1254 3217 conjugii,
1301 3133 1425 3201 sed
1471 3134 1774 3200 libidinis
1837 3151 2085 3212 servus
2137 3150 2347 3212 eram,
2389 3136 2751 3217 procuravi

614 3257 814 3322 aliam
877 3273 1012 3322 non
1062 3258 1295 3339 utique
1350 3257 1713 3342 conjugem
1724 3306 1857 3321 .....
1922 3283 1953 3316 »
2012 3257 2197 3335 Quos
2257 3275 2423 3325 vero
2481 3259 2753 3327 illicitos

615 3382 836 3448 sancti
860 3381 990 3448 viri
1019 3398 1318 3460 amoreS,
1352 3381 1583 3450 debito
1626 3382 1759 3463 piis
1795 3384 2057 3449 honore
2096 3385 2474 3450 monachos
2509 3401 2754 3465 prose-

615 3522 835 3586 quens
865 3522 1250 3589 verensque
1286 3524 1369 3574 nc
1404 3510 1683 3574 sanctas
1716 3523 1954 3573 eorum
1990 3508 2446 3591 cogitationes
2470 3509 2756 3589 permis·

617 3634 827 3708 ceret,
874 3631 1478 3715 ingenuuspictor
1516 3633 1839 3716 neglexit.

708 3753 782 3817 ln
817 3755 1046 3821 tabula
1096 3755 1366 3823 decima
1404 3756 1759 3824 sedentem
1799 3756 2247 3843 Augustinum
2291 3756 2602 3823 videmus
2641 3756 2752 3837 qui

622 3877 812 3943 Pauli
873 3881 1173 3961 apostoli
1233 3881 1568 3962 epistolas
1631 3882 2022 3950 meditatur.
2088 3908 2120 3941 «
2183 3881 2589 3950 Avidi'ssime
2654 3878 2753 3966 (3)

696 4062 772 4132 (1)
806 4062 1202 4132 confessione&
1232 4062 1382 4119 liber
1410 4063 1502 4132 Vl,
1530 4069 1703 4136 caput
1729 4082 1767 4119 1.

697 4151 771 4224 (2)
806 4153 1193 4219 ΟΟηΙεεείοηεε,
1225 4151 1377 4208 liber
1406 4151 1494 4220 VI,
1523 4158 1700 4224 caput
1727 4171 1813 4208 xv.

696 4240 767 4312 (3)
802 4241 1198 4309 ConfessioneS,
1229 4238 1377 4295 liber
1400 4239 1516 4310 Vll,
1545 4246 1718 4313 caput
1745 4260 1853 4298 xx1.
