3173 5096
1320 476 1742 562 -57—'

435 674 614 738 sunt.
688 672 1005 738 Hibernis
1076 633 1954 738 mensibus‘verisimiliter
2026 670 2201 735 banc
2270 669 2569 763 tabulam

435 798 651 880 pinxit
705 797 1050 874 BenotiuS‚
1086 813 1244 862 nam
1293 796 1503 862 arbor
1536 790 1878 875 *quaedam
1932 797 2042 859 est
2089 792 2271 860 foliis
2313 792 2573 867 *nudata

433 923 497 985 in
560 938 696 1003 qua
748 939 1015 986 summa
1062 925 1261 986 vetus
1314 919 1517 984 nidus
1562 919 1887 984 cernitur.
1933 915 2334 983 Caeruleum
2382 933 2568 982 mare

433 1048 505 1110 ut
562 1062 599 1111 e
672 1044 938 1111 Pisanis
1017 1044 1365 1110 montibus
1443 1045 1509 1107 in
1588 1040 2120 1107 abscedentibus
2195 1041 2568 1107 observare

431 1186 824 1251 possumus,

522 1293 592 1357 ln
632 1298 828 1360 sexta
885 1295 1115 1359 tabula
1177 1293 1425 1358 milites
1488 1289 1782 1372 undique
1836 1292 2100 1355 certant
2164 1293 2234 1355 et
2295 1289 2564 1373 gladiis„

426 1419 798 1484 securibus
855 1419 1252 1500 lanceisque
1305 1417 1545 1481 armati
1611 1414 1862 1479 mutuis
1915 1413 2163 1479 ictibus
2203 1431 2279 1479 se
2332 1416 2573 1496 petunt

433 1546 501 1610 et
553 1542 975 1609 confodiunt.
1052 1541 1277 1609 Solam
1338 1541 1526 1606 illam
1592 1540 1935 1623 ingentem
2003 1555 2297 1622 pugnam
2356 1540 2571 1620 pinxit

440 1667 760 1734 Benotius
791 1669 930 1750 qui,
966 1668 1246 1751 perinde
1285 1683 1364 1731 ac
1406 1665 1645 1731 Frater
1693 1663 1979 1729 loannes
2028 1664 2356 1746 magister
2390 1662 2563 1746 ejus,

434 1787 517 1852 ad
572 1791 894 1853 cruentas
957 1804 1068 1853 res
1107 1788 1577 1873 depingendas
1637 1788 1910 1852 minime
1964 1803 2354 1868 propensus
2394 1790 2562 1853 erat.

418 1909 515 1983 xAt
556 1913 629 1975 in
671 1908 1065 1977 narratione
1107 1928 1376 1996 pugnae
1407 1916 1705 1993 quatuor
1738 1915 1806 1976 et
1845 1911 2142 1991 quinque
2184 1926 2418 1994 regum
2449 1911 2573 1975 ali-

434 2034 594 2117 quid
626 2024 960 2100 ludicrum
1005 2036 1225 2116 pictor
1255 2034 1807 2116 deprehenderat
1848 2052 1861 2097 :
1904 2059 1935 2092 «
1976 2034 2188 2099 Vallis
2224 2031 2315 2120 (1)
2344 2037 2570 2101 autem

426 2160 775 2225 silvestris
833 2154 1131 2226 habebat
1170 2162 1413 2241 puteos
1471 2159 1724 2225 multos
1773 2155 2143 2225 bituminis.
2180 2157 2411 2240 Itaque
2449 2175 2569 2224 rex

437 2281 889 2349 Sodomorum
922 2288 989 2349 et
1029 2282 1451 2349 Gomorrhae
1493 2286 1689 2366 terga
1720 2286 2094 2361 verterunt,
2140 2283 2567 2350 ceciderunt-

436 2424 568 2490 que
604 2408 718 2473 ibi.
773 2432 803 2466 »
862 2406 1178 2474 Infelices
1236 2406 1428 2473 finxit
1488 2407 1813 2477 Benotius
1864 2406 2111 2473 milites
2151 2407 2369 2488 quiin
2399 2408 2576 2473 bitu-

434 2533 616 2599 mine
665 2533 974 2615 prolapsi
1019 2548 1385 2616 resurgere
1443 2550 1576 2599 non
1614 2530 1950 2614 possunt.
2011 2531 2317 2613 Quinque
2371 2548 2581 2616 reges

427 2657 567 2740 jam
616 2658 798 2739 capti
849 2660 1006 2723 sunt
1050 2663 1118 2724 et
1150 2658 1272 2723 Lot
1322 2660 1474 2739 ipse
1512 2658 1803 2723 vinculis
1853 2658 2191 2740 alligatur,
2238 2656 2397 2722 dum
2430 2657 2578 2740 ejus

438 2798 611 2847 uxor
641 2782 940 2847 crinibus
969 2781 1279 2864 disjectis
1319 2783 1615 2865 gemitus
1645 2782 1816 2848 tollit
1851 2781 2241 2862 perterrita.
2269 2778 2578 2863 Repente

441 2922 607 2973 vero
668 2906 1030 2972 intervenit
1070 2906 1430 2971 ’Abraham
1476 2907 1590 2988 qui
1635 2904 1852 2971 lorica
1912 2905 2244 2989 galeaque
2301 2905 2576 2972 indutus
2683 2927 2687 2932 ·

442 3034 509 3097 et
549 3048 792 3114 magno
847 3032 1129 3095 militum
1178 3032 1446 3114 agmine
1496 3032 1858 3096 comitatus
1890 3030 2089 3095 victis
2151 3046 2349 3112 opem
2397 3028 2577 3095 ferre

442 3154 812 3220 contendit.
855 3153 1100 3238 Ingens
1126 3153 1201 3220 fit
1241 3156 1545 3235 priorum
1589 3155 1924 3220 victorum
1972 3154 2223 3221 caedes
2259 3159 2329 3220 et
2366 3172 2403 3221 e
2438 3156 2579 3221 vin-

442 3278 615 3343 culis
664 3277 789 3343 Lot
839 3295 1178 3371 regesque
1237 3280 1646 3344 eximuntur.
1695 3278 1777 3344 At
1824 3279 2047 3344 bonus
2099 3282 2295 3362 tanta
2343 3283 2574 3361 strage

443 3402 620 3468 baud
663 3402 1047 3467 oblectatur
1091 3403 1432 3468 Abrabam
1497 3403 1693 3485 quus
1757 3405 1985 3468 vultus
2040 3403 2578 3469 commiseratio-

443 3544 592 3593 nem
635 3527 865 3607 potius
906 3544 1105 3608 quam
1135 3525 1362 3591 odium
1396 3526 1758 3609 significat.
1797 3526 1950 3592 Mox
1992 3528 2052 3592 ei
2083 3528 2348 3593 liberati
2377 3543 2575 3609 reges

442 3651 700 3735 gratias
741 3653 952 3734 agunt
992 3653 1059 3716 et
1095 3649 1598 3717 Melchisedech
1645 3674 1676 3708 «
1724 3650 2053 3716 sacerdos
2086 3648 2179 3735 (2)
2227 3650 2345 3715 Dei
2382 3647 2575 3716 altis—

442 3777 594 3841 simi
633 3801 664 3835 »
698 3792 941 3857 panem
980 3774 1184 3841 offert
1232 3779 1300 3840 et
1354 3775 1582 3839 vinum
1635 3775 1898 3857 lagenis
1949 3774 2287 3840 inclusum
2344 3775 2576 3840 simili-

439 3900 577 3966 ‘bus
614 3916 847 3966 earum
879 3899 1126 3981 quibus
1159 3899 1360 3965 Tusci
1405 3900 1793 3965 etiamnunc
1828 3903 2125 3966 utuntur.
2227 3973 2230 3974 ᾗ

533 4024 668 4091 Res
710 4026 1135 4093 turbulentas
1177 4041 1348 4105 quae
1383 4022 1547 4089 fiunt
1581 4025 2012 4091 inAbraham
2061 4027 2264 4093 domo
2298 4027 2575 4108 exponit

517 4202 592 4272 (1)
624 4203 784 4256 Liber
815 4202 1052 4269 δεηθείς,
1080 4202 1256 4272 caput
1286 4218 1396 4267 xiv,
1433 4205 1516 4255 10.
1578 4199 1590 4216 ⁵

520 4292 592 4361 (2)
625 4290 786 4346 Liber
811 4291 1048 4359 Genesi&
1077 4296 1252 4362 caput
1282 4308 1391 4361 xiv,
1429 4294 1510 4345 18.
