3173 5096
425 703 491 765 in
529 702 757 787 fugam
791 705 926 769 ruit
953 705 1255 770 insulsus
1288 721 1459 786 puer
1491 721 1689 786 quem
1723 705 2013 787 decepta
2041 710 2232 772 veste
2261 706 2553 772 retinere

424 829 661 892 tentat.
710 825 788 891 In
849 828 1104 895 Bibliae
1159 830 1557 894 narratione·
1608 829 2301 919 JosephPutipharis
2360 830 2555 895 uxori

423 948 754 1014 rationem
792 948 1013 1015 reddit
1061 967 1183 1015 cur
1219 966 1351 1014 non
1399 950 1460 1015 ei
1501 956 1761 1033 pareat.
1824 953 2147 1020 Benotius
2193 970 2360 1020 vero
2400 970 2554 1020 eum

420 1072 767 1153 impudico
841 1072 1112 1155 incepto
1181 1073 1575 1139 exterritum
1613 1046 1717 1142 ,et
1782 1079 2122 1161 extemplo
2185 1077 2554 1161 fugientem

423 1195 703 1262 effinxit.
745 1197 1432 1265 Peradolescentulus
1490 1198 1747 1282 Joseph
1789 1204 1920 1281 est,
1965 1206 2033 1268 et
2089 1202 2247 1267 dum
2304 1202 2553 1285 ligatus

422 1322 489 1384 in
539 1338 887 1388 carcerem
941 1323 1246 1403 mittitur,
1304 1339 1417 1389 res
1471 1340 1646 1406 quae
1705 1331 2080 1392 evenerunt
2128 1327 2237 1391 vix
2286 1325 2555 1391 videtur

421 1446 861 1513 intellexisse.

513 1571 583 1634 In
602 1572 834 1638 tabula
858 1571 1122 1638 decima
1151 1573 1386 1653 quinta
1412 1573 1809 1654 splendidas
1837 1574 2146 1641 videmus
2180 1574 2553 1641 Pharaonis

422 1696 653 1778 aedeS‚
703 1714 987 1779 quarum
1037 1698 1392 1778 multiplex.
1441 1697 1640 1763 simul
1692 1702 1761 1764 et
1813 1698 2159 1764 modulata
2211 1702 2557 1766 structura

421 1823 549 1898 est,
577 1837 730 1886 nam
764 1822 941 1886 acuti
978 1821 1372 1903 romanique
1402 1838 1606 1887 arcus
1638 1823 1974 1889 columnis
2001 1825 2552 1906 ornamentisque

421 1948 934 2011 connectuntur.
995 1944 1370 2010 Pharaonis
1421 1963 1586 2011 vero
1638 1948 1962 2028 templum
2013 1947 2555 2013 Florentinorum

421 2070 833 2135 cathedralis
880 2070 1176 2135 ecclesia
1225 2072 1332 2135 est
1377 2069 1571 2153 cujus
1617 2071 1958 2154 ingentem
2017 2072 2277 2136 tholum
2337 2071 2553 2139 Beno-

419 2196 554 2261 tius
611 2195 868 2274 instrui
905 2195 1191 2261 viderat.
1246 2194 1315 2258 ln
1371 2195 1650 2266 sinistra
1704 2200 1898 2275 parte
1957 2196 2225 2262 tabulae
2280 2193 2550 2263 Pharao

419 2319 752 2384 somnium
793 2323 1024 2383 narrat
1065 2317 1571 2402 conjectoribus
1613 2319 1903 2384 consilio
1941 2320 2321 2403 egentibus.
2385 2321 2550 2386 Tum

418 2443 894 2526 pincernarum
932 2444 1258 2526 magister
1287 2445 1351 2508 ei
1396 2441 1650 2523 Joseph
1698 2442 1921 2508 adhuc
1956 2448 2197 2508 catena
2225 2444 2550 2527 illigatum

417 2568 672 2634 indicat
697 2572 769 2633 ut
799 2568 1324 2634 solertissimum
1363 2570 1429 2632 in
1485 2568 1770 2633 somniis
1801 2569 2353 2650 interpretandis.
2387 2570 2548 2635 Res-

418 2708 638 2775 ponsa
665 2691 919 2775 Joseph
973 2710 1145 2775 quae
1204 2695 1468 2774 septem
1507 2692 1842 2758 ubertatis
1883 2710 2100 2758 annos
2151 2697 2549 2776 septemque

417 2835 631 2884 annos
697 2820 1022 2885 venturae
1091 2817 1290 2883 samis
1343 2816 1741 2883 denuntiant
1794 2817 2203 2899 modumque
2267 2834 2549 2908 magnas

417 2942 685 3008 divitias
726 2941 1019 3008 faciendi
1052 2945 1310 3006 tantum
1354 2940 1689 3007 Pharaoni
1726 2942 1995 3022 placent
2034 2946 2106 3006 ut
2145 2941 2549 3008 adolescen-

416 3067 557 3132 tulo
597 3084 797 3133 servo
830 3067 1055 3134 dicat:
1087 3091 1120 3125 «
1156 3067 1333 3132 Ecce
1367 3064 1460 3153 (1)
1484 3066 1806 3142 constitui
1834 3070 1899 3132 te
1928 3082 2137 3149 super
2163 3068 2548 3133 universam

416 3195 668 3257 terram
693 3191 998 3276 Aegypti.
1035 3189 1346 3274 Tulitque
1374 3192 1695 3256 annulum
1734 3190 1815 3256 de
1843 3208 2044 3256 manu
2085 3208 2233 3267 sua,
2266 3194 2336 3257 et
2366 3191 2551 3257 dedit

416 3333 569 3383 eum
622 3319 688 3381 in
735 3334 935 3383 manu
988 3315 1136 3399 ejus
1178 3318 1642 3399 :vestivitque
1702 3333 1852 3382 eum
1902 3318 2081 3382 stola
2123 3317 2427 3399 byssina,
2483 3321 2550 3382 et

415 3443 593 3508 collo
659 3445 972 3523 torquem
1031 3459 1304 3507 auream
1376 3442 1894 3524 circumposuit.
1971 3466 2002 3498 »
2080 3441 2261 3517 Quae
2322 3440 2548 3505 omnia

412 3567 736 3635 Benotius
768 3566 1284 3649 diligentissime
1307 3548 1655 3645 expressit
1686 3564 2029 3646 aedesque
2058 3563 2454 3647 splendidas
2480 3564 2545 3627 in

414 3691 635 3758 forma
665 3690 989 3757 basilicae
1025 3689 1360 3757 finxitubi
1396 3706 1693 3755 canorae
1727 3689 1931 3754 tubae
1961 3692 2304 3754 resonant.

500 3816 753 3898 Joseph
814 3806 1078 3881 deinde
1117 3813 1369 3880 fratres
1420 3831 1586 3880 suos
1636 3813 2012 3897 interrogat
2054 3815 2167 3896 qui
2217 3831 2368 3879 eum
2410 3830 2544 3878 non

415 3945 825 4024 agnoscunt3
871 3944 940 4006 at
988 3941 1289 4023 scyphus
1336 3941 1677 4022 reperitur
1713 3940 1779 4004 in
1820 3955 2024 4005 sacco
2066 3937 2431 4022 Benjamin‚
2477 3941 2545 4004 et

414 4063 663 4130 fratres
726 4066 969 4130 iterum
1033 4067 1184 4129 ante
1252 4063 1507 4146 Joseph
1576 4064 1824 4130 adsunt
1885 4081 2084 4145 quem
2162 4063 2545 4129 obtestatur

486 4329 560 4400 (¹1)
598 4331 752 4384 Liber
782 4331 1016 4396 Genesis,
1051 4332 1221 4402 caput
1261 4346 1364 4397 xm,
1400 4331 1485 4397 41,
1520 4331 1606 4382 42.
