3173 5096
1280 495 1634 559 —43—

1105 740 1214 754 .....
1241 698 1520 756 Miscetur
1549 700 1623 772 (l)
1656 685 1867 755 funere
1892 716 2074 770 vagor

606 789 795 857 Quem
827 788 995 861 pueri
1022 787 1262 856 tollunt,
1294 789 1551 851 visentes
1576 787 1824 844 luminis
1852 805 2026 844 oras:

608 876 727 933 Nec
757 894 869 931 nox
899 876 1024 933 ulla
1053 877 1234 945 diem,
1267 893 1461 950 neque
1491 882 1727 933 noctem
1759 893 1973 932 aurora
1995 878 2195 932 secuta
2217 881 2325 944 est,

608 967 772 1033 Quae
803 983 926 1022 non
957 965 1212 1022 audierit
1237 966 1448 1021 mixtos
1470 965 1767 1036 vagitibus
1796 965 1955 1037 aegri

607 1046 903 1124 ploratus,
930 1055 1138 1111 mortis
1165 1056 1414 1112 comites
1443 1058 1502 1112 et
1524 1054 1752 1111 funeris
1782 1054 1914 1111 atri.

436 1292 441 1298 -
485 1256 554 1320 ln
588 1260 784 1339 parte
822 1256 1105 1323 sinistra
1150 1255 1421 1323 tabulae
1461 1252 1907 1339 Augustinum
1935 1253 2245 1321 videmus
2295 1257 2365 1321 et
2389 1253 2527 1320 Mo-

396 1379 613 1443 nicam
646 1378 760 1459 qui
793 1378 1031 1460 paucis
1074 1376 1321 1444 diebus
1361 1382 1516 1443 ante
1561 1376 1712 1461 eJus
1756 1383 2045 1445 mortem
2085 1380 2236 1463 pias
2269 1380 2524 1464 agitant

394 1503 834 1586 quaestiones
885 1526 917 1560 «
961 1501 1433 1569 incumbentes
1475 1501 1562 1585 (2)
1621 1502 1705 1568 ad
1755 1504 2116 1586 quamdam
2155 1503 2527 1572 fenestram

394 1627 571 1694 unde
598 1631 843 1696 hortus
879 1627 1059 1693 intra
1092 1625 1365 1693 domum
1411 1644 1586 1709 quae
1622 1644 1749 1695 nos
1789 1623 2088 1696 habebat
2130 1633 2531 1713 prospecta-

395 1753 598 1819 batur
605 1803 737 1818 .....
783 1750 1354 1835 colloquebamur
1404 1769 1571 1837 ergo
1626 1753 1760 1819 soli
1814 1753 2013 1820 valde
2080 1753 2402 1834 dulciter3
2460 1759 2529 1822 et

395 1879 768 1960 praeterita
809 1877 1323 1955 obliviscenteS,
1370 1877 1437 1940 in
1487 1893 1571 1942 ea
1619 1893 1795 1960 quae
1845 1880 2001 1944 ante
2041 1882 2202 1945 sunt
2244 1881 2524 1960 extenti,

397 2004 898 2086 quaerebamus
964 2002 1142 2068 inter
1202 2017 1331 2067 nos
1399 2001 1581 2084 apud
1649 1987 2086 2085 praesentem
2136 2005 2523 2085 veritatem,

397 2127 580 2210 quod
615 2131 687 2194 tu
723 2143 824 2205 eS,
869 2126 1093 2208 qualis
1134 2124 1366 2192 futura
1398 2129 1589 2193 esset
1612 2127 1752 2192 vita
1785 2130 2064 2193 aeterna
2103 2132 2524 2209 sanctorum,

396 2270 598 2335 quam
641 2269 767 2319 nec
810 2251 1051 2318 oculus
1099 2250 1291 2329 vidit,
1354 2267 1485 2318 nec
1541 2251 1731 2316 auris
1777 2250 2056 2332 audivit,
2113 2269 2241 2320 nec
2290 2254 2357 2320 in
2406 2272 2529 2322 cor

398 2378 691 2444 hominis
731 2376 1064 2443 ascendit.
1106 2401 1137 2434 »

485 2502 556 2567 ln
595 2506 788 2586 parte
815 2501 1055 2569 dextra
1078 2500 1254 2568 inter
1278 2499 1575 2568 decorae
1609 2499 1853 2567 domus
1880 2501 2233 2570 columnas
2264 2509 2529 2573 remota

397 2630 699 2697 cernitur
743 2628 936 2694 navis
975 2643 1149 2709 quae
1201 2624 1650 2710 Augustinum
1708 2625 1774 2691 in
1822 2624 2118 2693 Africam
2167 2632 2518 2711 reportat:

396 2754 639 2820 librum
691 2751 873 2836 quod
918 2755 1226 2833 apertum
1287 2754 1469 2818 tenet
1531 2755 1811 2817 sanctus
1870 2753 1976 2817 vir
2027 2768 2161 2819 non
2210 2754 2397 2838 legit,
2456 2759 2524 2820 at

399 2878 751 2962 regionem
799 2877 982 2941 illam
1040 2875 1342 2942 intuetur
1392 2877 1459 2939 in
1499 2891 1636 2956 qua
1676 2874 2246 2961 dulcesdilectae
2290 2879 2528 2945 matris

398 3003 721 3085 reliquias
758 3006 944 3068 terra
977 2997 1302 3067 condidit.

484 3128 782 3194 Tabulae
815 3125 1121 3193 decimae
1163 3127 1445 3207 quartae
1477 3125 1773 3189 maxima
1802 3142 1966 3206 pars
1997 3126 2223 3207 periit.
2265 3125 2528 3212 Augus-

399 3252 581 3317 tinus
636 3252 1009 3332 episcopus
1063 3247 1286 3315 sactus
1349 3252 1457 3315 est
1523 3253 1593 3316 et
1644 3249 1711 3313 in
1765 3250 2019 3332 templo
2067 3249 2265 3332 juxta
2314 3252 2527 3320 altare

395 3391 652 3458 pueros
685 3373 1048 3441 benedicit.
1092 3373 1361 3440 Adsunt
1397 3376 1727 3441 venustae
1771 3374 2090 3440 mulieres
2130 3392 2331 3457 quae,
2365 3375 2525 3441 dum

396 3503 783 3590 opportuna
806 3499 1083 3565 occasio
1115 3499 1338 3577 datur,
1367 3499 1871 3581 pulcherrimas
1898 3498 2223 3565 exhibent
2249 3472 2520 3577 vestes;

376 3642 682 3706 -quarum
743 3639 876 3689 una
936 3623 1001 3686 in
1059 3623 1299 3688 altaris
1348 3621 1697 3715 =gradibus
1769 3599 2056 3688 filiolum
2117 3622 2412 3705 impellit
2459 3626 2533 3688 ut

397 3749 682 3817 vicinior
719 3749 811 3813 sit
842 3747 1667 3844 episcopobenedicenti.

493 3872 558 3938 ln
598 3873 833 3939 tabula
885 3871 1153 3940 decima
1192 3871 1427 3954 quinta
1459 3869 1877 3954 Augustinus
1932 3871 2534 3955 vesteflepiscopali

399 3998 677 4064 indutus
751 4015 904 4064 cum
982 3996 1356 4064 Fortunato
1431 3996 1723 4078 aliisque
1805 3996 2127 4063 hereticis
2199 3996 2525 4081 disputat,

470 4212 542 4278 (1)
574 4210 648 4263 De
676 4215 885 4264 natura
918 4226 1120 4276 rerum,
1155 4208 1219 4275 ΙΙ,
1253 4227 1303 4264 v.
1339 4213 1461 4277 577,
1492 4225 1616 4280 sqq.

470 4300 545 4368 (2)
580 4298 972 4368 ConfessioneS,
1005 4298 1156 4355 liber
1180 4297 1274 4366 lx,
1307 4302 1481 4370 caput
1521 4315 1569 4352 x.
