3173 5096
1463 513 1824 575 —74-

579 688 709 753 eho
750 704 950 769 quam
993 684 1313 751 Benotius
1358 685 1757 749 immensam
1801 680 2356 763 splendidamque
2404 679 2713 746 finxerat.

664 811 915 877 Dextra
941 827 1104 892 pars
1132 810 1401 875 tabulae
1435 812 1722 874 mortem
1751 807 2018 873 Goltath
2053 806 2357 888 exponit,
2384 805 2718 871 adversus

576 953 776 1017 quem
820 935 1099 1019 gracilis
1142 934 1694 1000 adolescentulus
1743 931 1950 1027 David
1992 932 2142 997 sola
2189 927 2457 1013 levique
2490 931 2718 996 tunica

576 1061 852 1126 indutus
901 1059 1180 1134 incedit,
1233 1063 1302 1125 et
1353 1059 1670 1124 baculum
1733 1058 1926 1123 laeva
1983 1059 2191 1154 tenet,
2253 1055 2494 1122 dextra
2546 1072 2710 1121 vero

579 1185 851 1250 fundam
928 1187 1225 1265 torquet.
1312 1181 1605 1248 Vaeillat
1669 1184 1909 1265 ingens
1975 1181 2240 1246 Goliath
2309 1196 2711 1262 manumque

580 1309 786 1376 fronti
817 1309 1136 1376 admovet
1179 1326 1381 1391 quam
1422 1306 1672 1372 fundae
1707 1324 1943 1372 saxum
1994 1305 2288 1371 discidit.
2330 1304 2497 1369 Dum
2533 1304 2714 1369 eadit

577 1434 690 1499 ille
721 1434 968 1500 milites
996 1433 1304 1500 exterriti
1331 1435 1490 1515 post
1516 1447 1670 1497 eum
1700 1429 1983 1515 fugiunt.
2020 1429 2175 1495 Mox
2198 1429 2403 1495 David
2420 1427 2710 1511 jacentis

579 1558 703 1623 viri
730 1560 1019 1622 immane
1049 1560 1289 1637 peetus
1328 1573 1525 1620 manu
1559 1556 1873 1637 explorat
1907 1556 2313 1637 inspicitque
2342 1570 2424 1619 an
2461 1552 2714 1635 aliquid

478 1644 495 1661 ⁶
583 1682 642 1743 ei
684 1681 988 1763 supersit
1046 1681 1249 1745 vitae.
1314 1678 1568 1745 Deinde
1629 1696 1900 1744 rursum
1975 1686 2180 1761 eaput
2245 1677 2439 1760 eujus
2508 1673 2714 1742 fronti

584 1805 808 1869 haesit
839 1805 1039 1869 letale
1068 1821 1307 1869 saxum
1347 1804 1554 1869 David
1592 1804 1890 1869 ostendit
1927 1805 2070 1888 regi
2117 1802 2296 1880 Saul,
2342 1803 2456 1884 qui
2483 1803 2717 1867 valen-

584 1931 719 1993 tem
769 1927 1353 1994 adolescentulum
1404 1946 1533 1994 non
1579 1929 1723 1995 sine
1764 1929 2016 1993 invidia
2045 1928 2442 1994 admiratur.

669 2051 837 2118 Fere
867 2053 1140 2117 omnino
1168 2054 1374 2134 periit
1400 2054 1632 2119 tabula
1660 2055 1986 2119 vicesima
2013 2054 2215 2120 tertia
2241 2069 2414 2135 quae
2443 2066 2713 2135 magno·

585 2196 731 2243 rum
759 2177 1019 2245 Benotii
1047 2194 1329 2262 operum
1359 2182 1735 2245 extremum
1763 2176 1905 2243 fuit.
1943 2177 2371 2266 Salomonem
2396 2177 2716 2243 visitabat

584 2303 819 2385 regina
859 2301 1054 2367 Saba.
1108 2299 1423 2369 Immensi
1467 2303 1692 2367 adhuc
1734 2301 2146 2368 discernitur
2186 2303 2436 2384 aliquid
2482 2302 2716 2385 palatii

545 2493 550 2499 ,
577 2425 772 2507 Juxta
803 2425 983 2508 quod
1025 2425 1337 2492 Salomen
1374 2430 1442 2493 et
1478 2427 1830 2508 praecipui
1871 2427 2057 2493 cives
2094 2429 2394 2511 reginam
2428 2427 2712 2510 ejusque

587 2552 981 2618 comitatum
1049 2552 1502 2633 excipiebant.
1562 2551 1687 2618 Hie
1750 2552 2110 2618 nonnullae
2164 2551 2709 2618 Florentinorum

587 2675 1123 2758 Pisanorumque
1171 2676 1435 2761 effigies
1481 2682 1875 2758 supersunt.
1938 2676 2118 2744 Inter
2169 2678 2520 2741 columnas
2568 2677 2718 2758 pul-

588 2801 755 2866 chra
807 2801 1028 2867 cauda
1082 2803 1415 2885 gloriatur
1460 2818 1660 2883 pavo.
1719 2800 1958 2868 Cetera
2013 2803 2321 2884 picturae
2372 2800 2720 2866 destructa

590 2929 767 2991 sunt.
813 2925 893 2992 At
919 2943 1200 3006 parvum
1232 2925 1380 3009 ejus
1419 2927 1689 2994 tabulae
1726 2928 2109 3010 exemplum
2151 2927 2386 2992 seculo
2424 2925 2715 3007 septimo

587 3047 853 3114 decimo
914 3047 1179 3114 infabre
1216 3049 1604 3130 depictum,
1660 3050 1840 3133 quod
1892 3052 1957 3114 in
2018 3050 2415 3116 Pisanorum
2475 3065 2716 3115 museo

588 3178 926 3251 servatur,
999 3174 1246 3256 aliquid
1312 3174 1524 3241 refert
1583 3177 2144 3241 lineamentorum
2201 3192 2374 3257 quae
2434 3173 2720 3240 finxerat

590 3297 931 3364 Benotius.
991 3297 1059 3361 ln
1121 3299 1399 3362 sinistra
1438 3303 1633 3379 parte
1680 3300 1948 3365 tabulae
2000 3300 2253 3383 Regina
2294 3298 2468 3364 Saba
2521 3275 2716 3382 eujus

590 3423 869 3506 elegans
918 3425 1201 3502 petasus
1246 3439 1504 3495 corona
1564 3424 1827 3488 cinctus
1867 3429 2013 3492 erat
2071 3427 2134 3489 in
2189 3442 2365 3507 equo
2406 3424 2711 3491 sedebat.

458 3566 461 3569 “
592 3546 849 3611 Famuli
881 3563 1031 3612 eam
1087 3547 1582 3613 antecedebant
1631 3547 2254 3629 sequebanturque.
2309 3544 2720 3627 Equitabant

592 3670 834 3736 deinde
875 3672 1197 3738 mulieres
1245 3673 1689 3754 hominesque
1735 3672 1887 3737 lecti
1935 3672 2049 3753 qui
2088 3671 2388 3754 reginam
2438 3670 2723 3735 eomita-

592 3796 856 3860 bantur.
896 3796 1249 3862 Numerosi
1290 3798 1598 3878 variique
1640 3814 1843 3863 canes
1868 3797 2058 3881 juxta
2085 3812 2306 3877 equos
2332 3794 2718 3861 currebant.

593 3920 663 3985 ln
735 3922 1267 3988 abscedentibus
1334 3923 1676 4013 bubulcus
1748 3923 2071 4003 canisque
2136 3923 2205 3985 et
2265 3922 2507 4003 pastor
2572 3935 2724 3983 eum

593 4047 840 4112 ovibus
885 4045 1474 4113 discernebantur.
1550 4048 1756 4114 Vicus
1818 4050 1879 4112 in
1948 4048 2241 4128 abrupto
2304 4045 2478 4110 colle
2522 4041 2732 4157 Monti

594 4170 868 4236 Falconi
906 4172 1148 4235 similis
1188 4178 1356 4237 erat.
1413 4172 1788 4238 Comitatus
1838 4174 2012 4237 alter
2042 4175 2189 4236 erat
2223 4171 2570 4236 hominum
2611 4169 2723 4251 qui

595 4296 866 4362 diverso
894 4296 1336 4362 ibantitinere
1367 4303 1433 4363 et
1461 4299 1758 4385 camelos
1784 4298 2321 4380 elephantosque
2349 4295 2710 4362 ducebant.
