3173 5096
1552 525 1903 585 —tio—

662 690 986 757 intrasset
1029 695 1386 758 tentorium
1446 693 1784 762 Rachelis,
1851 694 1966 758 illa
2030 690 2364 760 festinans
2432 692 2792 759 abscondit

661 814 843 879 idola
883 816 1119 882 subter
1158 821 1531 883 stramenta
1569 818 1835 896 cameli,
1882 823 1950 882 et
1986 818 2164 883 sedit
2212 818 2556 899 desuper:
2593 833 2787 882 scru-

661 940 959 1022 tantique
996 958 1193 1008 omne
1222 943 1583 1008 tentorium
1609 945 1678 1008 et
1709 942 1866 1006 nihil
1900 943 2292 1020 invenienti,
2329 943 2423 1007 ait
2454 940 2588 1006 :Ne
2617 941 2790 1005 iras-

654 1068 851 1129 catur
883 1064 1197 1131 dominus
1225 1084 1417 1132 meus
1455 1066 1637 1149 quod
1674 1083 1904 1132 coram
1954 1069 2017 1132 te
2055 1082 2421 1149 assurgere
2482 1080 2783 1146 nequem

656 1189 816 1269 quia
832 1189 1025 1271 juxta
1062 1191 1628 1258 consuetudinem
1664 1190 2063 1257 feminarum
2094 1208 2271 1256 nunc
2298 1190 2548 1256 accidit
2578 1189 2781 1253 mihi:

658 1315 759 1377 sic
789 1313 1032 1380 delusa
1059 1316 1419 1381 solicitudo
1448 1317 1843 1397 quaerentis
1879 1320 2069 1381 est...
2106 1340 2136 1373 »
2175 1316 2357 1392 Quae
2392 1318 2523 1380 tam
2564 1312 2789 1379 faceta

657 1437 978 1504 Benotius
1023 1445 1209 1507 certe
1241 1457 1371 1506 non
1404 1442 1770 1525 neglegere
1810 1444 2102 1524 poterat,
2147 1439 2270 1506 sed
2305 1442 2372 1503 in
2408 1438 2785 1504 absceden-

658 1562 840 1627 tibus
876 1563 1120 1645 pudice
1161 1563 1441 1630 effinxit.
1483 1565 1708 1629 Laban
1752 1565 2020 1631 tandem
2056 1565 2340 1648 ejusque
2381 1580 2590 1648 gener
2621 1578 2785 1644 pac-

660 1686 911 1751 tionem
963 1688 1217 1764 ineunt‚
1272 1692 1341 1753 et
1401 1705 1487 1754 ex
1541 1693 1831 1770 utraque
1886 1693 2081 1770 parte
2151 1688 2386 1754 tumuli
2418 1686 2649 1769 jurant
2709 1702 2784 1756 se

657 1825 995 1890 nunquam
1031 1827 1181 1878 cum
1220 1817 1801 1896 transgressuros,
1846 1812 2046 1877 Juxta
2076 1812 2287 1877 Jacob
2330 1827 2580 1877 uxores
2611 1809 2790 1899 duae*

658 1937 815 1999 sunt
872 1927 1352 2018 formosae'que
1429 1938 1714 2003 ancillae
1801 1953 1928 2003 nec
1996 1953 2125 2001 non
2196 1940 2263 2002 et
2341 1934 2460 1999 filii
2515 1933 2786 2015 plurimi

657 2074 831 2138 quos
870 2076 999 2123 una
1042 2076 1353 2142 quaeque
1390 2063 1645 2144 genuit.
1684 2061 1936 2128 Deinde
1962 2061 2172 2127 Jacob
2215 2079 2365 2126 cum
2394 2060 2635 2144 angelo
2656 2058 2784 2124 sub

657 2182 838 2247 elata
885 2184 1110 2264 palma
1147 2185 1443 2250 luctatur
1476 2185 1733 2251 ludenti
1783 2186 2014 2268 potius
2071 2172 2481 2266 saltanti'que
2514 2184 2780 2248 similis.

745 2304 815 2369 ln
863 2308 1065 2373 tertia
1114 2307 1378 2374 decima
1426 2310 1660 2375 tabula
1720 2309 1931 2376 Jacob
1976 2310 2245 2375 obviam
2277 2308 2556 2375 fratrem
2589 2325 2786 2373 suum

658 2431 885 2498 habet.
920 2431 1063 2497 Non
1099 2447 1332 2500 amore
1368 2451 1494 2500 nec
1543 2435 1961 2517 poenitentia
1994 2434 2115 2501 sed
2148 2435 2390 2500 timore
2417 2433 2789 2515 impellitur

657 2555 960 2638 perfidus
990 2560 1194 2623 homo
1228 2560 1389 2624 utin
1422 2561 1712 2643 gratiam
1740 2577 1893 2625 cum
1923 2558 2255 2632 frustrato
2287 2556 2480 2623 fratri
2522 2557 2781 2624 redeat.

661 2707 693 2739 «
735 2682 1024 2748 Elevans
1056 2682 1149 2763 (1)
1190 2689 1416 2750 autem
1445 2683 1663 2751 Jacob
1692 2685 1935 2750 oculos
1968 2698 2159 2759 suoS‚
2194 2680 2362 2746 vidit
2399 2679 2783 2750 venientem

656 2802 858 2879 Esaii,
920 2807 1183 2870 etcum
1242 2821 1326 2871 eo
1378 2786 1916 2889 quadringentos
1978 2807 2188 2871 viros.
2246 2804 2530 2870 »Jacob
2588 2809 2791 2872 uxori

658 2925 909 2993 Rachel
948 2927 1223 2994 fratrem
1277 2947 1471 2994 suum
1516 2928 1770 2995 indicat
1814 2930 2038 2996 adhuc
2075 2934 2409 2997 remotum
2439 2932 2507 2995 et
2541 2944 2786 3012 magno

659 3052 942 3116 militum
1000 3055 1266 3136 agmine
1306 3055 1725 3120 comitatum.
1778 3079 1810 3112 «
1869 3056 1949 3120 Et
1991 3052 2078 3140 (2)
2132 3055 2283 3135 ipse
2335 3052 2787 3136 progrediens

659 3174 969 3241 adoravit
985 3195 1242 3258 pronus
1270 3179 1333 3241 in
1361 3181 1614 3243 terram
1641 3179 1926 3260 septieS‚
1955 3179 2173 3245 donec
2201 3176 2788 3261 appropinquaret

657 3299 872 3365 frater
929 3300 1098 3382 ejiis.
1156 3300 1448 3368 Currens
1505 3303 1735 3384 itaque
1794 3305 1969 3369 Esaii
2032 3303 2299 3369 obviam
2368 3300 2562 3367 fratri
2631 3316 2783 3392 suo,

655 3426 1084 3506 amplexatus
1121 3429 1228 3491 est
1256 3443 1409 3492 eum
1443 3445 1458 3491 ε
1497 3429 1976 3511 stringensque
2005 3429 2255 3494 collum
2293 3426 2446 3509 ejus
2486 3429 2554 3492 et
2580 3441 2785 3490 oscu—

612 3556 615 3560 ·
656 3550 803 3615 lans
844 3549 1047 3617 flevit.
1089 3575 1119 3608 »
1164 3548 1487 3616 Benotius
1542 3552 1719 3617 Esaii
1758 3550 1948 3618 finxit
1978 3552 2133 3617 dum
2166 3550 2398 3616 fratris
2440 3566 2612 3633 genu
2648 3548 2783 3612 nixi

656 3675 961 3741 dextram
998 3676 1357 3757 prehendit
1400 3678 1787 3759 collumque
1829 3677 2283 3759 amplectitur.
2332 3675 2506 3739 Esaii
2558 3675 2784 3739 vultus

646 3801 1060 3883 habitusque
1092 3803 1366 3885 longum
1399 3819 1784 3868 moerorem
1821 3804 2140 3868 enarrant
2163 3816 2248 3865 ex
2279 3815 2414 3880 quo
2455 3797 2519 3864 ei
2553 3797 2785 3861 imma·

654 3927 805 3988 tura
866 3929 1186 3991 senectus
1253 3929 1359 3992 est
1409 3943 1424 3989 ι
1481 3927 1951 4009 magnanimus
2005 3914 2167 3991 vero
2215 3921 2524 3989 fraudem
2560 3924 2783 3987 astuto

653 4047 847 4113 fratri
877 4049 1192 4131 ignoscit.

722 4224 794 4294 (l)
830 4225 985 4279 Liber
1014 4224 1252 4293 GenesiS,
1284 4230 1459 4296 caput
1491 4244 1680 4291 xxxin,
1713 4232 1760 4282 1.

722 4315 793 4381 (2)
817 4314 972 4368 Liber
1000 4314 1236 4383 δεηθεὶς,
1265 4319 1439 4384 caput
1466 4332 1653 4381 xxxin,
1685 4318 1735 4381 3,
1768 4318 1820 4367 4.
