3173 5096
1153 1084 1445 1158 CAPUT
1504 1086 1865 1160 PRIMUM

446 1383 674 1441 QUIBUS
707 1384 783 1430 DE
817 1383 1031 1431 CAUSIS
1072 1383 1344 1431 CENSERE
1379 1383 1662 1431 LICUERIT
1699 1386 1779 1431 EX
1817 1384 1958 1432 IPSA
1990 1383 2106 1432 SUA
2136 1384 2277 1433 VITA
2315 1385 2574 1434 BENOTIO

625 1512 633 1525 ³
722 1507 1001 1555 HOMINEM
1050 1507 1152 1554 HIS
1197 1508 1259 1554 IN
1306 1506 1527 1554 TERRIS
1575 1506 1818 1555 BEATUM
1870 1508 2033 1554 FIERI
2083 1506 2293 1555 POSSE.

533 1846 869 1913 Plurimae
919 1846 1202 1913 Benotio
1253 1863 1502 1912 causae
1561 1848 1755 1910 erant
1807 1861 1929 1910 cur
1975 1845 2183 1911 Deum
2238 1845 2570 1911 laudaret.

444 1971 874 2037 Florentinus
915 1944 1084 2038 erat.
1124 1969 1369 2036 Seculo
1411 1969 1677 2035 decimo
1714 1970 1949 2049 quinto
1983 1968 2276 2034 vivebat.
2317 1968 2577 2034 Artifex

442 2094 588 2174 fuit,
630 2097 1132 2179 magistrosque
1182 2094 1418 2159 habuit
1458 2093 1892 2159 Laurentium
1940 2089 2249 2159 Ghiberti
2297 2109 2365 2158 et
2411 2093 2575 2158 Fra-

440 2222 615 2286 trem
716 2219 1035 2285 Ioannem
1128 2218 1596 2285 Faesulanum.
1697 2216 2000 2298 Excepta
2094 2217 2573 2301 permansione

440 2343 732 2426 quadam
791 2341 1078 2418 Romae,
1119 2360 1460 2424 nunquam
1510 2341 1777 2408 divinae
1835 2342 2029 2424 liquit
2075 2344 2326 2408 terram
2375 2341 2574 2407 Etru-

439 2469 605 2535 riae.
646 2467 948 2533 Miranda
994 2449 1494 2551 pulchritudine
1534 2467 1669 2532 loci
1718 2469 1875 2531 sunt
1919 2467 1988 2530 in
2040 2465 2286 2548 quibus
2335 2465 2573 2547 depin-

441 2610 608 2677 gens
645 2593 1218 2672 commorabatur,
1252 2608 1405 2655 nam
1439 2593 1715 2673 praeter
1744 2591 1915 2656 alias
1942 2608 2223 2675 magnas
2259 2591 2570 2657 civitates

439 2717 683 2783 Urbem
753 2718 1072 2783 Veterem
1146 2716 1478 2781 habitavit
1549 2718 1618 2781 et
1699 2710 1997 2781 Montem
2065 2687 2428 2781 Falconem
2502 2718 2570 2781 et

436 2838 759 2907 Sanctum
822 2840 1308 2908 Geminianum.
1378 2842 1591 2907 Tanta
1649 2841 2108 2922 prosperitate
2163 2838 2567 2904 valetudinis

437 2983 605 3032 usus
643 2972 752 3031 est
790 2968 863 3031 ut
903 2965 1391 3049 sexagenarius
1428 2965 1625 3046 operi
1658 2963 2042 3046 indulgeret
2078 2960 2469 3028 indefessus
2500 2966 2571 3028 et

430 3083 1186 3174 'septuaginta'septem
1237 3105 1452 3153 annos
1504 3088 1750 3155 vixerit
1795 3086 1912 3173 (1).
1968 3086 2345 3153 Gloriosam
2402 3086 2570 3153 vidit

436 3215 758 3295 patriam3
818 3215 1057 3295 paucis
1107 3214 1287 3279 enim
1339 3215 1533 3279 annis
1588 3217 1951 3295 antequam
2005 3217 2317 3278 mortuus
2352 3214 2459 3278 est
2508 3212 2567 3277 si

435 3338 765 3404 Dominici
809 3337 1148 3404 Grilandai
1190 3338 1496 3419 picturas
1531 3338 1711 3419 apud
1762 3338 2085 3419 templum
2122 3341 2398 3402 sanctae
2430 3334 2567 3399 Ma-

435 3462 579 3528 riae
616 3462 937 3528 Novellae
971 3462 1223 3539 invisit,
1260 3464 1435 3529 hanc
1468 3462 1982 3542 inscriptionem
2018 3462 2247 3544 legere
2288 3458 2506 3539 potuit
2546 3476 2561 3523 :

432 3586 562 3649 An.
591 3585 1226 3664 MCCCCLXXXX‚
1259 3608 1390 3673 quo
1407 3582 1873 3673 pulcherrima
1891 3581 2128 3647 civitas
2158 3580 2396 3670 opibus
2424 3580 2566 3647 vic-

503 3869 579 3941 (l)
635 3867 820 3924 Natus
863 3869 953 3924 est
1015 3884 1174 3922 anno
1221 3866 1592 3923 MCCCCXX.
1647 3866 1848 3922 Mense
1893 3882 2031 3921 vero
2085 3865 2359 3921 Ianuario
2419 3866 2563 3921 anni

431 3956 1036 4015 MCCCCLXXXXVII
1080 3973 1215 4013 cum
1251 3947 1423 4013 Petro
1463 3956 1755 4026 Perugino
1790 3962 1849 4011 et
1878 3954 2165 4027 Filippino
2193 3954 2359 4027 Lippi
2402 3955 2564 4011 Cosi-

432 4063 648 4119 moque
691 4044 939 4101 Rosselli
975 4045 1306 4101 Florentiae
1335 4045 1397 4100 in
1442 4043 1663 4117 templo
1696 4043 1946 4100 Sanctae
1984 4042 2285 4099 Trinitatis
2310 4042 2566 4100 Alexidis

434 4134 825 4191 Baldovinetti
877 4134 1123 4206 picturis
1176 4135 1364 4208 pretia
1411 4134 1711 4208 imposuit.
1765 4132 1903 4206 EJus
1952 4150 2173 4188 nornen
2232 4132 2293 4187 in
2350 4149 2564 4188 census

430 4224 596 4280 libris
622 4241 743 4280 non
774 4223 1017 4295 posthac
1046 4225 1354 4297 reperitur.
