3173 5096
1474 455 1779 520 -8-

565 620 757 687 coriis
791 622 1045 688 arcibus
1079 623 1551 712 aedificiisque
1589 623 1837 691 nobilis
1869 624 2064 713 eopia
2102 622 2500 690 salubritate
2528 644 2702 711 paee

561 747 1060 834 perfruebatur.
1537 733 1569 842 '—
2559 716 2563 725 ‚

650 868 801 967 Fuit
835 875 1106 956 quidem
1156 875 1482 943 Bcnotius
1534 876 1769 958 parvis
1813 877 2086 957 opibus,
2127 891 2495 941 numerosa
2536 891 2701 939 vcro

563 994 818 1061 familia
878 999 1253 1079 praeditus.
1307 1000 1647 1085 Tempore
1711 1017 1846 1082 quo
1893 999 2236 1067 Mediceae
2289 993 2535 1064 doinus
2589 1015 2701 1063 sa-

571 1121 816 1186 cellum
856 1124 1167 1200 ornabat,
1209 1126 1624 1191 necessitate
1669 1125 2085 1195 constrictus
2121 1129 2383 1205 partem
2421 1121 2701 1204 praemii

568 1247 963 1326 postulabat
1014 1252 1087 1313 ut
1143 1248 1553 1315 frumentum
1617 1266 1753 1331 quo
1822 1265 2065 1331 panem
2130 1251 2411 1329 pararet
2474 1262 2703 1312 emere

562 1374 803 1450 posset
853 1369 976 1458 (1).
1032 1372 1243 1449 Quam
1294 1375 1579 1454 parvula
1628 1375 1691 1439 ei
1742 1390 1853 1439 res
1896 1378 2086 1439 esset
2141 1372 2401 1437 indicat
2447 1370 2705 1436 denun-

564 1495 756 1560 tiatio
821 1495 1154 1561 bonorum
1220 1514 1421 1578 quam
1485 1497 1857 1580 descripsit
1915 1514 2069 1564 cum
2133 1496 2306 1579 jam>
2343 1495 2702 1578 sexaginta

564 1634 782 1684 annos
818 1622 1016 1685 natus
1057 1619 1419 1687 duodecim
1466 1639 1632 1688 vero
1673 1622 1849 1688 Pisis
1884 1621 2342 1688 laboravisset
2386 1616 2504 1705 (2).
2542 1614 2705 1682 Tam
2751 1690 2754 1691 f

567 1743 855 1809 modicis
891 1745 1099 1811 rebus
1137 1746 1307 1811 mira
1341 1749 1410 1811 et
1445 1748 1684 1812 solerti
1728 1747 2063 1812 industria
2103 1746 2351 1812 solatia
2391 1742 2708 1825 suppedi-

566 1867 780 1933 tabat.
858 1869 1119 1935 Pueros
1185 1887 1350 1937 vero
1411 1887 1615 1936 caros
1667 1870 1938 1937 videtur
1998 1871 2370 1947 habuisse3
2433 1871 2500 1933 in
2556 1867 2709 1951 ejus

576 1992 825 2058 tabulis
853 1995 1157 2075 parvulis
1185 1996 1591 2076 plerumque
1613 1995 1862 2061 adsunt
1887 2012 2174 2077 quorum
2200 1994 2707 2076 simplicitatem

580 2118 1068 2200 lasciviamque
1124 2119 1414 2185 libenter
1462 2120 1762 2187 notabat.
1818 2119 2184 2185 Puerilium
2224 2091 2403 2185 enim
2441 2135 2706 2183 morum

574 2243 769 2308 varia
806 2242 1202 2308 discrimina
1242 2242 1512 2309 facilius
1543 2262 1744 2325 quam
1774 2246 1996 2327 quivis
2029 2245 2203 2310 alius
2236 2244 2609 2310 observare
2641 2248 2708 2309 et

640 2545 715 2616 (1)
751 2542 904 2601 Haec
943 2543 1104 2601 enim
1130 2544 1421 2602 scribebat
1456 2545 1735 2602 Benotius
1765 2544 1938 2601 Petro
1965 2543 2166 2601 Medici
2202 2562 2214 2600 ε

642 2693 687 2743 Α
731 2688 790 2744 αἱ
828 2685 911 2742 XI
947 2688 1008 2742 di
1043 2689 1330 2744 settembre
1367 2687 1544 2744 1459.
1586 2691 1781 2744 Amico
1818 2690 1927 2744 mio
1956 2689 2464 2757 sinqhularissimo.
2497 2690 2603 2743 Per
2631 2707 2707 2743 un

573 2778 722 2832 altra
761 2779 874 2832 mia
921 2779 1115 2832 lettera
1152 2780 1328 2833 avisai
1377 2780 1431 2832 Ia
1468 2784 1651 2834 vostra
1695 2779 2109 2849 vnaynificentia
2155 2779 2247 2832 che
2289 2780 2366 2833 mi
2409 2779 2708 2846 bisoqnava

570 2867 760 2936 fiorini
789 2872 1088 2935 quaranta,
1110 2867 1500 2937 preyhandovi
1523 2868 1620 2921 che
1657 2872 1743 2922 voi
1779 2883 1934 2922 mene
1964 2869 2187 2922 serv-issi
2200 2884 2222 2930 ;
2259 2868 2454 2936 perche
2487 2883 2584 2921 ora
2613 2883 2707 2920 era

575 2962 754 3024 tempo
791 2955 852 3009 ai
896 2957 1218 3025 comparare
1247 2971 1425 3024 qrano
1468 2972 1495 3008 e
1534 2956 1702 3010 molle
1743 2956 1887 3010 altre
1929 2972 2043 3010 cose
2073 2956 2299 3011 chemmi
2330 2956 2652 3023 bisoqnano,
2685 2972 2715 3009 e

571 3045 1017 3114 risparmiavomi
1045 3049 1194 3100 assai
1218 3062 1248 3099 e
1275 3061 1476 3098 ancora
1504 3048 1785 3100 rimanero
1809 3047 1962 3113 fuori
1985 3044 2121 3099 d'un
2151 3061 2291 3112 qran
2308 3046 2585 3115 pensiero,
2617 3061 2713 3098 era

574 3134 634 3187 ai
674 3149 783 3187 non
826 3135 882 3187 vi
922 3133 1166 3188 chiedere
1207 3133 1365 3186 nulla
1401 3134 1462 3185 in
1489 3137 1575 3186 sin
1607 3133 1703 3187 che
1744 3132 1797 3187 la
1836 3140 2021 3188 vostra
2061 3135 2144 3187 M*
2185 3149 2296 3186 non
2334 3134 2546 3187 ‘cedesse
2587 3134 2715 3202 quel

573 3221 727 3276 ch'i'o
751 3223 902 3289 fatto
922 3239 945 3287 ;
972 3239 1061 3276 ma
1092 3223 1145 3275 la
1183 3223 1442 3276 necessita
1473 3221 1582 3275 m'a
1620 3222 1911 3276 chondotto
1941 3224 2003 3275 in
2033 3222 2192 3289 luoqo
2220 3223 2316 3276 che
2346 3221 2448 3276 m’e
2474 3224 2636 3287 forza
2664 3222 2717 3275 el

575 3310 934 3374 richiedervi;
963 3328 990 3365 e
1011 3328 1116 3380 per
1134 3317 1302 3365 tanto
1332 3311 1626 3365 abbiatemi
1655 3315 2040 3380 compassione,
2068 3310 2222 3365 iddio
2252 3328 2313 3366 sa
2345 3311 2498 3365 ch’i'o
2528 3313 2713 3365 animo

576 3401 635 3454 di
662 3401 1019 3468 soddisfarvi.
1068 3402 1111 3452 Ε
1141 3402 1243 3468 pia
1284 3401 1338 3454 υἱ
1375 3401 1617 3454 ricordai
1655 3400 1751 3454 che
1797 3402 1887 3453 voi
1929 3400 2209 3455 mandassi
2257 3417 2292 3454 a
2342 3401 2579 3468 Veneqia
2616 3416 2715 3468 per

578 3490 841 3551 l'azurrO,
869 3489 1070 3558 perche
1102 3490 1161 3541 di
1195 3494 1389 3557 questa
1427 3491 1723 3542 settimana
1760 3492 1888 3542 sara
1918 3491 2130 3555 farnito
2162 3496 2357 3559 questa
2391 3491 2653 3557 facciata,
2687 3507 2715 3543 e

577 3579 941 3632 all'altra.mi
986 3577 1213 3645 bisoyna
1256 3577 1605 3632 dell’azurrO.
1648 3578 1699 3631 el
1736 3578 1990 3651 byrochato
2024 3579 2242 3633 ellaltre
2279 3580 2434 3632 chose
2471 3594 2714 3633 saranno

577 3670 722 3734 fatte
754 3668 936 3721 allora
975 3667 1142 3721 chelle
1179 3670 1358 3735 ᾕρητο
1396 3684 1424 3721 e
1458 3668 1663 3736 prima.
1704 3670 1765 3721 Io
1805 3667 2046 3722 sollecito
2084 3675 2293 3738 quanto
2328 3684 2503 3737 posse.
2552 3668 2713 3721 Altro

581 3773 691 3811 non
715 3757 795 3810 v’o
827 3773 860 3810 a
891 3756 1007 3810 dire
1037 3757 1298 3811 senonche
1324 3759 1373 3811 io
1399 3758 1474 3810 mi
1498 3758 1835 3813 racomando
1862 3775 1896 3811 a
1928 3759 2033 3811 roi.

1759 3864 1957 3918 Vestro
1990 3863 2284 3927 servidore,

1821 3972 2063 4025 Benozzo
2101 3969 2401 4037 diffiniere,

1950 4061 2006 4113 in
2041 4059 2284 4113 Firenze.

654 4225 726 4297 (2)
778 4221 931 4281 Haec
982 4228 1068 4280 est
1114 4222 1484 4279 denuntiatio
1534 4221 1827 4278 honorum
1873 4220 2378 4293 quam·Benotius
2417 4221 2713 4295 fraterque
