3173 5096
1446 497 1807 562 -76-

562 656 856 724 tabatur.
919 658 1319 740 Prophetas
1359 657 1658 744 neglexit
1714 674 2005 739 quorum
2060 656 2388 739 mysticos
2450 675 2699 724 sensus

560 798 802 862 parum
849 782 1328 875 intellexisset,
1395 800 1550 848 nam
1611 758 1946 869 dilucidas
1986 799 2099 848 res
2129 766 2225 849 ‘et
2262 782 2345 847 ad
2391 785 2698 848 naturam

562 907 1119 973 accommodatas
1193 908 1513 1001 obscuris
1591 906 1798 972 rebus
1889 907 2367 988 anteponebat.
2446 879 2697 972 Bibliae

562 1034 1089 1114 praeceptorum
1127 1048 1293 1098 vero
1344 1032 1475 1096 alia
1535 1031 1842 1110 laudare,
1889 1031 2022 1096 alia
2060 1029 2346 1119 rejicere
2395 1030 2686 1097 videtur.

653 1155 995 1223 «Honora
1032 1154 1133 1243 (1)
1189 1163 1454 1238 patrem
1489 1160 1728 1221 tuum..
1803 1179 1833 1212 »
1881 1155 2095 1237 inquit
2134 1141 2245 1222 lex
2295 1154 2551 1238 Moysis
2587 1154 2696 1219 cui

562 1280 852 1370 consitio
908 1280 1342 1348 manifestum
1385 1285 1490 1347 est
1525 1295 1825 1347 annuere
1866 1279 2212 1356 Benotius,
2251 1279 2519 1345 etiamsi
2560 1295 2694 1344 non

561 1405 940 1471 addidisset
990 1407 1260 1489 Moyses
1305 1422 1320 1469 ε
1385 1429 1418 1463 «
1460 1409 1534 1470 ut
1585 1405 1683 1469 sis
1740 1405 2117 1487 longaevus
2149 1420 2380 1485 ,super
2440 1407 2693 1468 terram
2805 1416 2806 1421 ’

562 1547 763 1611 quam
809 1529 1132 1596 Dominus
1193 1530 1362 1596 deus
1420 1532 1581 1594 tuus
1650 1527 1839 1594 dabit
1903 1528 2024 1593 tibi
2069 1553 2127 1590 ».
2195 1518 2286 1593 At‘
2339 1529 2696 1618 caritatem*

563 1655 738 1719 inter
781 1658 1104 1734 parentes
1149 1658 1218 1719 el
1255 1651 1435 1718 tilios
1478 1652 1805 1718 Benotius
1849 1652 1916 1716 in
1952 1653 2192 1734 primis
2228 1651 2689 1736 praedicabat.

565 1775 726 1841 Cum
785 1775 990 1841 Cham
1045 1778 1513 1856 maledicitur,
1548 1780 1766 1843 mater
1810 1775 1958 1859 ejns
2014 1774 2402 1859 fratresque
2453 1778 2696 1842 moesti

562 1901 862 1966 indicant
897 1900 1036 1967 Noe
1083 1918 1248 1985 erga
1288 1902 1753 1983 poenitentem
1798 1899 2009 1966 filium
2046 1902 2468 1968 severiorem
2508 1918 2691 1967 esse.

655 2049 688 2084 «
729 2025 870 2092 Non
904 2025 1180 2092 occides
1226 2024 1311 2111 (2)
1362 2050 1393 2084 »
1433 2026 1650 2107 inquit
1686 2027 1815 2091 lex.
1863 2025 2179 2092 Placidae
2215 2027 2408 2108 pacis
2446 2027 2513 2089 in
2549 2030 2693 2091 toto

564 2147 827 2216 Benotii
862 2167 1072 2232 opere
1127 2150 1376 2216 eminet
1424 2166 1638 2229 amor,
1700 2167 1821 2215 nec
1860 2153 1994 2215 vim
2037 2166 2331 2232 unquam
2372 2150 2694 2238 adhibere

568 2274 836 2353 suadet,
879 2275 1010 2339 nisi
1083 2279 1154 2340 ut
1209 2276 1373 2352 vita,
1433 2260 1704 2353 domu8‚
1772 2279 1888 2340 aut
1953 2276 2152 2340 amici
2218 2273 2693 2340 defendantur.

567 2398 819 2465 Ducem
866 2398 1116 2473 factum
1173 2398 1510 2464 Abraham
1560 2398 1867 2481 depinxit
1923 2400 2037 2481 qui
2093 2399 2447 2480 improbos
2493 2400 2699 2464 vincit

567 2540 769 2608 reges
811 2523 933 2591 sed
982 2523 1392 2591 horrendam
1432 2527 1731 2607 stragem
1769 2527 2076 2590 moestus
2108 2525 2429 2591 intuetur.
2478 2521 2693 2590 Malos

569 2648 994 2715 coercendos
1049 2664 1205 2713 esse
1258 2650 1443 2713 certe
1498 2647 1959 2712 arbitrabatur
1995 2647 2321 2714 Benotius
2371 2647 2493 2713 sed
2524 2648 2696 2731 legis

568 2772 941 2840 Hebra'icae
977 2787 1151 2854 quae
1204 2773 1375 2853 petit
1415 2797 1446 2829 «
1495 2773 1766 2837 oculum
1818 2769 1915 2857 (3)
1971 2790 2096 2854 pro
2153 2773 2381 2852 ocum,
2426 2771 2696 2837 dentem

566 2915 689 2978 pro
746 2896 947 2963 dente
987 2919 1019 2954 »
1063 2896 1493 2962 atrocitatem
1547 2897 1941 2980 respuebat.

658 3046 688 3077 «
749 3019 891 3085 Non
945 3020 1422 3085 moechaberis
1461 3017 1554 3107 (4)
1596 3046 1626 3079 »
1687 3021 1900 3103 inquit
1950 3020 2083 3086 lex,
2143 3017 2449 3103 Conjugii
2497 3016 2696 3083 fidem

566 3143 928 3210 manifesto
971 3130 1401 3211 commendat
1427 3144 1752 3210 Benotius
1784 3143 1943 3209 dum
1976 3160 2209 3209 senem
2241 3142 2379 3208 Noe
2412 3140 2697 3225 ejusque

565 3286 848 3336 uxorem
925 3268 1166 3335 felices
1222 3270 1550 3354 depingit.
1616 3266 1854 3333 Omnia
1918 3267 2357 3350 reprehendit
2402 3283 2576 3350 quae
2629 3266 2694 3330 in

565 3394 946 3463 domestica
986 3394 1128 3459 vita
1167 3393 1556 3459 discordias
1598 3394 1960 3458 concitant.
2008 3392 2151 3456 Etsi
2194 3392 2697 3473 uxori‘pareret

563 3521 721 3585 dum
781 3519 1258 3604 ingrederetur
1301 3509 1403 3583 'ad
1463 3518 1803 3593 ancillam,
1874 3517 2099 3581 multis
2168 3516 2351 3582 curis
2402 3512 2698 3580 afficitur

563 3642 931 3720 Abraham,
997 3645 1153 3726 quia
1198 3643 1410 3707 filium
1457 3660 1542 3709 ex
1576 3642 1755 3725 Agar
1792 3641 2053 3738 habui-t.
2100 3640 2384 3722 Raptum
2415 3638 2695 3722 virginis

567 3770 751 3833 certe
797 3786 932 3834 non
970 3772 1255 3834 excusat
1302 3767 1650 3836 Benotius,
1698 3766 1819 3832 sed
1859 3765 2063 3831 Dinae
2101 3764 2348 3830 fratres
2384 3763 2696 3830 crudeles

639 4014 714 4084 (l)
751 4016 910 4067 Liber
937 4015 1138 4081 Eoeoda‘,
1167 4019 1342 4086 caput
1371 4032 1457 4081 xx,
1490 4018 1574 4069 12.

634 4105 712 4171 (2)
747 4103 903 4158 Liber
928 4106 1129 4168 Exodi,
1162 4109 1337 4175 caput
1367 4122 1452 4170 xx,
1492 4107 1573 4158 13.

638 4194 711 4262 (3)
748 4194 906 4247 Liber
935 4194 1137 4259 Exodi,
1169 4197 1342 4263 caput
1371 4210 1479 4259 xxi,
1514 4197 1601 4247 24.

635 4282 707 4352 (4)

746 4282 898 4336 Liber
929 4283 1127 4348 Ειεοάὶ,
1158 4284 1329 4351 caput
1362 4299 1447 4348 xx,
1482 4285 1563 4335 14.
