3173 5096
1327 510 1637 572 -3-

417 701 597 748 11111111
622 684 686 747 111
711 700 909 748 11131111
929 677 1285 757 habuerat,
1305 681 1680 762 sapientem
1701 679 2306 760 doctissimumque
2331 678 2548 743 virum

419 807 968 883 existimandum,
1019 822 1172 871 nam
1220 806 1551 882 historiiS‚
1598 821 1768 887 quas
1813 806 1879 867 in
1921 804 2171 869 tabulis
2214 804 2548 884 pinxerat,

420 948 554 997 non
607 932 772 996 solis
820 929 1219 1005 artificibus,
1288 928 1410 994 sed
1470 929 1786 994 omnibus
1844 928 2311 1011 spectantibus
2366 929 2555 994 utilia

419 1043 791 1137 praecepta
815 1039 1245 1137 praebuerat.
1273 1054 1548 1121 Licebat
1573 1070 1737 1119 sane
1760 1053 2039 1120 Benotio
2056 1055 2224 1118 tanti
2248 1054 2557 1137 magistri

418 1180 710 1262 vestigia
742 1180 1055 1261 sequenti
1091 1194 1375 1259 sperare
1402 1181 1475 1243 ut
1510 1179 1702 1259 ipsae
1736 1194 1902 1243 suae
1935 1193 2085 1243 eum
2111 1178 2421 1259 picturae
2449 1194 2556 1243 sa·

420 1303 715 1384 pientem
740 1301 957 1369 fuisse
985 1291 1560 1369 demonstrarent.
1595 1301 1735 1367 lllis
1757 1302 1935 1368 enim
1958 1302 2384 1382 temporibus
2412 1318 2554 1366 ma-

411 1427 634 1511 jorem
672 1429 919 1493 civium
945 1427 1693 1494 numerumlitterarum
1717 1426 1953 1492 rudem
1985 1424 2199 1492 fuisse
2234 1428 2508 1493 constat
2534 1445 2548 1503 3

418 1552 694 1617 tabulae
731 1557 956 1617 autem
996 1553 1221 1632 pictae
1287 1567 1412 1633 pro
1450 1550 1659 1632 {libris
1716 1554 1935 1630 erant,
1992 1554 2061 1617 et
2106 1552 2435 1633 pictoreS‚
2482 1553 2557 1615 ut

412 1677 589 1759 ipsis
621 1678 705 1741 ab
735 1677 991 1759 ignaris
1022 1676 1324 1759 intellegi
1361 1665 1672 1758 possent,
1699 1693 1900 1757 quam
1934 1677 2222 1742 maxime
2258 1675 2556 1741 dilucida

417 1806 488 1868 et
524 1800 606 1866 ad
664 1801 1033 1882 populares
1080 1817 1328 1866 sensus
1383 1799 1900 1866 accommodata
1954 1815 2165 1881 opera
2225 1799 2553 1883 effingere

419 1927 866 1993 conabantur.
894 1924 1337 1991 Lucidiorest
1364 1924 1831 2010 proculdubio
1868 1926 2078 1992 {ottus
2111 1928 2337 2006 pictor
2352 1941 2553 2005 quam

421 2042 683 2116 Dantes
709 2055 936 2133 poeta.
974 2049 1234 2115 Benotii
1262 2066 1426 2116 vero
1465 2051 1720 2131 pictum
1751 2067 1993 2132 poema
2033 2050 2288 2132 majore
2330 2048 2554 2114 adhuc

420 2178 589 2244 nitet
620 2177 954 2243 claritate.

508 2301 820 2367 Forsitan
878 2301 1062 2367 dicat
1109 2300 1354 2381 aliquis
1423 2301 1588 2364 1111111
1645 2315 1861 2365 novae
1933 2300 2310 2382 sapientiae
2373 2297 2554 2380 apud

422 2425 772 2493 Benotium
824 2425 1299 2492 inveniendum
1368 2443 1549 2506 esse,
1605 2445 1759 2493 cum
1798 2429 1893 2493 ita
1933 2426 2196 2503 vixerit,
2240 2427 2299 2492 si
2336 2423 2556 2491 credi-

420 2570 573 2618 mus
614 2551 904 2635 Georgio
946 2551 1185 2617 Vasari
1238 2551 1359 2637 (1),
1414 2556 1487 2617 ut
1554 2553 1860 2618 moribus
1914 2553 2059 2618 suis
2128 2552 2553 2618 sincerorum

420 2675 959 2743 Christianorum
1007 2693 1233 2743 mores
1277 2678 1715 2759 exprimeret.
1765 2677 1927 2743 Erat
1965 2678 2142 2743 enim
2174 2676 2554 2759 discipulus

420 2782 607 2868 Beati
642 2801 899 2865 Fratris
937 2799 1227 2866 loannis.
1273 2800 1593 2868 Sinceros
1625 2805 1852 2867 autem
1885 2799 2099 2867 fuisse
2128 2799 2551 2866 Christianos

420 2923 565 2992 sere
593 2942 830 2991 omnes
857 2924 1039 2989 illius
1067 2926 1398 3006 temporis
1417 2923 1715 2991 artifices
1734 2924 2147 2992 contendere
2165 2925 2345 2991 licet.
2376 2923 2555 2992 Solis

421 3050 763 3132 theologis
826 3049 1368 3130 scriptoribusve
1424 3050 1705 3115 occasio
1764 3054 1914 3115 erat
1988 3051 2363 3116 haereseos
2439 3052 2556 3114 aut

420 3175 811 3254 impietatis.
849 3173 1150 3255 Populus
1175 3189 1342 3238 vero
1372 3171 1805 3257 artificesque
1834 3174 2233 3257 religionem
2266 3173 2555 3239 libenter

422 3297 740 3365 colebant
776 3298 969 3380 cujus
1014 3296 1412 3380 splendidae
1457 3299 1945 3378 caerimoniae,
1999 3299 2261 3364 musica
2294 3301 2363 3364 et
2396 3314 2555 3362 can-

419 3429 531 3489 tus
617 3439 931 3505 magnum
1007 3422 1327 3488 demissis
1413 3423 1655 3489 animis
1742 3402 2059 3488 solatium
2149 3421 2548 3488 afferebant.

419 3547 641 3614 Aedes
667 3546 785 3613 Dei
811 3549 970 3610 tunc
1000 3544 1207 3611 aedes
1241 3550 1436 3612 erant
1472 3547 1730 3628 populi.
1758 3547 2107 3611 Laetitiam
2139 3564 2274 3628 qua
2308 3544 2555 3612 effere·

422 3673 621 3738 batur
685 3670 785 3735 in'
823 3669 1094 3750 templis
1184 3672 1455 3751 agmen
1510 3669 1810 3735 fidelium
1894 3670 2146 3735 indicat
2234 3671 2553 3754 egregius

422 3798 733 3879 sculptor
766 3776 983 3860 Lucas
1032 3792 1359 3871 Robbiae,
1417 3792 1575 3857 dum
1636 3797 1990 3860 cantantes
2048 3811 2303 3877 pueros
2365 3794 2556 3879 fingit

421 3923 821 4004 pulpitoque
863 3919 1235 3986 subscribit
1263 3914 1473 3984 verba
1508 3918 1753 4000 psalmi
1798 3934 1811 3980 :
1848 3915 2153 3982 laudate
2191 3915 2288 4006 (2)
2330 3916 2551 3983 Domi-

494 4136 568 4205 (1)
621 4137 739 4190 Vile
778 4153 795 4189 .·
840 4137 986 4189 Visse
1022 4137 1268 4190 Benozzo
1309 4134 1946 4190 costumatissimamente
1985 4151 2193 4205 sempre
2246 4153 2271 4190 e
2315 4135 2385 4190 da
2429 4151 2551 4190 vero

420 4227 700 4279 cristiano,

493 4314 567 4384 (⁶2)
601 4314 844 4368 Psalmus
875 4316 974 4371 GL.
