3173 5096
1334 521 1698 586 ..ffl-

450 696 635 773 dicit,
690 700 758 761 et
811 699 1115 761 moestus
1168 693 1538 774 respondet
1600 690 1987 756 Abraham:
2047 716 2076 747 «
2118 691 2297 757 Deus
2357 693 2584 773 provi·

450 820 658 887 debit.
727 845 758 877 >›
819 819 1069 885 Postea
1122 817 1383 883 relictis
1431 815 1704 881 famulis
1758 816 2088 897 asinoque
2147 816 2273 882 sub
2323 820 2579 901 monte,

449 944 758 1010 ascendit
815 942 1153 1008 Abraham
1225 958 1378 1007 cum
1444 939 1584 1006 filio
1653 940 1834 1022 ligna
1900 941 2204 1006 humeris
2260 941 2585 1022 imposita

447 1069 746 1148 ferente;
793 1070 942 1151 ipse
1005 1083 1372 1133 accensam
1441 1064 1663 1130 facem
1741 1065 2021 1129 sinistra
2090 1081 2292 1129 manu
2353 1069 2574 1142 tenet,

450 1194 693 1260 dextra
741 1210 905 1259 vero
966 1193 1308 1277 ingentem
1365 1187 1658 1256 cultrum
1712 1207 1912 1272 quem
1963 1190 2578 1267 celare·conatur;

450 1323 518 1384 et
574 1317 814 1396 filium,
867 1318 1023 1383 dum
1090 1316 1556 1399 progreditur,
1599 1316 1936 1381 insontem
1986 1314 2583 1397 miserandumque

451 1442 882 1508 miserandus
923 1442 1230 1523 respicit.
1295 1439 1451 1506 Mox
1485 1439 1680 1505 Isaac
1715 1457 1933 1521 prope
1989 1439 2210 1505 nudus
2269 1441 2332 1503 in
2382 1440 2582 1505 altari

449 1569 723 1651 ligatur,
770 1567 1049 1651 jamque
1109 1567 1399 1632 cultrum
1460 1567 1524 1628 in
1581 1581 1737 1630 eum
1800 1566 2086 1629 intentat
2139 1568 2358 1645 pater,
2429 1581 2581 1630 cum

452 1693 735 1776 angelus
774 1692 858 1758 de
896 1693 1090 1757 caelo
1146 1690 1295 1773 eJ'us
1336 1705 1578 1754 manus
1625 1690 1871 1754 retinet
1919 1688 2575 1771 supponendumque

451 1817 515 1879 in
556 1816 781 1881 locum
812 1815 930 1879 filii
981 1817 1260 1880 arietem
1296 1813 1620 1879 ostendit.
1663 1812 1916 1878 Deinde
1970 1812 2309 1877 Abrabam
2348 1811 2584 1878 fllium·

452 1957 582 2021 que
648 1940 959 2006 videmus
994 1939 1185 2021 Juxta
1244 1938 1498 2004 sontem
1551 1955 1701 2002 cum
1762 1934 2038 2003 famulis
2093 1937 2307 2003 herba
2355 1938 2584 2002 consi*

456 2063 696 2130 dentes
739 2068 807 2129 et
841 2067 1249 2140 coenantes3
1297 2064 1605 2143 pascitur
1644 2063 1911 2140 asinus;
1956 2076 2193 2125 omnes
2225 2059 2403 2126 fame
2430 2076 2585 2141 pre-

456 2191 750 2263 muntur,
786 2192 1063 2270 praeter
1087 2186 1424 2251 Abraham
1462 2184 1683 2250 adhuc
1726 2186 1984 2251 recenti
2034 2185 2271 2249 dolore
2304 2200 2582 2267 aegrum

446 2317 514 2378 et
542 2311 758 2379 avidis
811 2313 1070 2377 salvum
1118 2311 1327 2376 filium
1365 2312 1793 2390 spectantem
1845 2309 2089 2375 oculis.

533 2435 603 2500 In
631 2436 897 2503 decima
941 2436 1167 2501 tabula
1211 2433 1547 2499 Abrabam
1593 2450 1795 2500 servo
1842 2434 2104 2499 Eliezer
2138 2432 2473 2515 praecipit
2515 2436 2587 2498 ut

447 2578 729 2628 uxorem
767 2560 907 2626 filio
939 2561 1260 2627 inveniat.
1308 2559 1451 2626 Stat
1487 2560 1749 2626 Eliezer
1790 2563 1945 2625 ante
2001 2559 2366 2625 dominum
2408 2576 2584 2642 genu

447 2687 644 2751 nixus
703 2685 789 2750 ad
839 2684 1041 2750 fidem
1092 2685 1408 2749 dandam.
1462 2660 1743 2768 Legitur
1793 2686 1857 2748 in
1885 2684 2104 2749 Biblia
2148 2700 2161 2747 :
2202 2710 2230 2742 «
2272 2681 2581 2769 Pone(1)

449 2828 716 2875 manum
779 2814 963 2876 tuam
1020 2810 1256 2875 subter
1316 2809 1536 2875 femur
1576 2827 1823 2887 meum,
1870 2835 1899 2868 »
1969 2809 2150 2890 quod
2191 2814 2265 2874 ut
2307 2807 2585 2875 indeco-

448 2952 595 3000 rum
630 2934 957 3000 Benotius
995 2935 1314 3018 neglexit.
1363 2934 1676 2999 Porticus
1731 2950 1896 2999 vero
1935 2934 2049 2999 ubi
2081 2934 2254 2999 haec
2286 2936 2580 3017 aguntur

447 3060 907 3139 pulcherrima
950 3062 1058 3124 est
1111 3063 1179 3124 et
1242 3059 1584 3140 speciosis
1645 3058 2124 3124 ornationibus
2194 3058 2576 3124 elaborata.-

447 3183 655 3248 Adest
694 3187 762 3248 et
790 3183 980 3248 Isaac
1012 3200 1165 3248 cum
1204 3183 1528 3266 vertagis.
1565 3180 1799 3248 Refert
1840 3181 2055 3247 Biblia
2100 3198 2253 3247 eum
2279 3181 2574 3264 quadra-
2661 3252 2680 3266 ⁶

448 3309 635 3392 ginta
689 3324 906 3373 annos
965 3312 1193 3373 natum
1255 3325 1533 3374 uxorem
1585 3307 1886 3372 duxisse.
1950 3306 2177 3372 Pictor
2204 3323 2370 3372 vero
2416 3323 2570 3372 eum

446 3431 746 3513 lepidum
792 3431 1375 3496 adolescentulum
1426 3430 1754 3515 effingere
1801 3432 2060 3496 maluit.
2103 3429 2316 3495 Terra
2350 3427 2579 3495 Meso-

448 3556 788 3636 potamiae
842 3554 1086 3619 deinde
1128 3557 1547 3637 prospicitur
1605 3573 1804 3636 quam
1872 3554 2198 3620 Benotius
2251 3554 2333 3618 ad
2398 3555 2583 3618 simi·

447 3678 796 3745 litudinem
839 3678 1147 3744 Etruriae
1184 3696 1347 3744 suae
1387 3678 1669 3745 effinxit.
1724 3678 2036 3745 Rebecca
2073 3695 2288 3759 prope
2321 3677 2578 3745 sontem

450 3806 682 3884 potum
732 3803 848 3869 dat
895 3802 1178 3881 Eliezer,
1234 3804 1476 3868 cameli
1515 3821 1681 3869 vero
1720 3802 1967 3868 absunt
1997 3806 2064 3869 et
2096 3803 2158 3866 in
2192 3803 2576 3870 absceden*

450 3926 633 3991 tibus
696 3931 954 3993 tanturn
1007 3926 1357 4005 videntur3
1429 3926 1755 3993 Benotius
1826 3931 2014 3992 certe
2084 3943 2303 4009 equos
2363 3930 2579 4009 pluris

448 4048 764 4116 faciebat.
820 4051 973 4118 Mox
1043 4054 1342 4117 tentatur
1419 4052 1669 4133 puella,
1755 4068 1907 4116 nam
1975 4049 2264 4137 protulit
2324 4050 2414 4140 (2)
2479 4049 2580 4114 vir

522 4224 597 4294 (1)
636 4227 789 4279 Liber
813 4227 1054 4296 Genesis,
1088 4232 1265 4298 caput
1295 4244 1441 4293 xxw,
1471 4231 1520 4281 2,

528 4315 599 4383 (2)
636 4315 795 4369 Liber
829 4316 1068 4386 δεηθείς,
1101 4322 1276 4388 caput
1307 4334 1450 4384 xxm,
1484 4320 1571 4371 22.
