3173 5096
1542 484 1899 547 -34-

656 656 878 721 adhuc
939 656 1362 720 intentatum.
1433 652 1594 719 Cum
1650 651 2070 738 Augustinus
2137 648 2309 714 bene
2382 647 2647 713 dicendi
2723 651 2790 713 ct

654 779 839 843 recte
871 775 1206 842 sentiendi
1234 777 1608 857 praecepta
1630 773 2007 853 docuisset,
2038 773 2327 839 facultas
2364 773 2465 838 sic
2492 773 2786 856 praebe-

653 900 853 966 batur
885 900 1167 967 Benotio
1208 898 1563 966 doctorum
1595 901 1842 966 aetatis
1874 917 2039 967 suae
2067 897 2468 965 concinnam
2500 899 2783 982 gratiam

653 1000 1127 1107 excultumque
1189 1024 1510 1090 decorem
1577 1024 2014 1108 depingendi‚
2085 1029 2154 1091 et
2225 1024 2383 1091 dum
2441 1024 2787 1090 volumina

651 1149 1011 1216 evolvebat
1079 1150 1144 1213 in
1228 1149 1476 1230 quibus
1538 1147 1999 1231 Hipponensis
2078 1150 2450 1231 episcopus
2511 1148 2783 1214 intimos

651 1274 855 1337 animi
895 1289 1144 1340 sensus
1183 1271 1468 1339 effundit
1503 1274 1820 1354 vitaeque
1875 1271 2080 1340 deflet
2132 1289 2435 1352 erroreS‚
2470 1271 2553 1338 de
2604 1272 2783 1337 litte-

639 1399 817 1463 ratis
854 1398 1022 1464 viris
1075 1396 1423 1480 cogitabat
1469 1397 1876 1480 quibuscum
1935 1401 2387 1466 conversatus
2449 1396 2672 1463 fuerat
2717 1396 2781 1459 in

639 1521 934 1588 aedibus
974 1520 1324 1588 Mediceis.

738 1645 1035 1712 Tabulae
1061 1646 1324 1726 primae
1351 1648 1523 1712 haec
1549 1650 1658 1712 est
1685 1647 2039 1728 inscriptio
2071 1663 2086 1708 :
2136 1636 2169 1705 ι’(
2205 1644 2780 1722 Quemadmodum

647 1770 894 1838 Beatus
947 1770 1366 1856 Augustinus
1422 1771 1669 1852 puerili
1731 1775 1955 1838 aetate
2019 1788 2060 1836 a
2113 1775 2309 1854 patre
2367 1739 2650 1837 Patritio
2712 1774 2781 1836 et

649 1900 863 1964 matre
915 1895 1179 1963 Monica
1217 1895 1547 1979 magistro
1588 1896 2032 1979 grammatice
2077 1897 2369 1962 traditus
2421 1897 2598 1961 ultra
2636 1912 2778 1960 mo-

646 2022 802 2087 dum
847 2023 1038 2088 brevi
1085 2019 1382 2104 profecit
1423 2023 1758 2100 tempore.
1797 2045 1830 2079 »
1871 2019 2140 2087 Patrem
2186 2024 2605 2103 matremque
2649 2016 2775 2085 Au-

648 2146 899 2230 gustini
934 2144 1245 2212 videmus
1276 2146 1391 2228 qui
1434 2161 1590 2210 eum
1636 2121 1966 2228 magistro
2009 2122 2471 2223 committunt3
2511 2143 2779 2210 Monica

647 2269 925 2354 digitum
948 2270 1015 2333 in
1046 2267 1166 2334 filii
1192 2269 1412 2351 capite
1445 2269 1731 2353 imponit
1757 2267 2063 2334 indicans
2094 2286 2296 2351 quam
2329 2270 2419 2335 sit
2446 2269 2507 2336 ei
2534 2285 2772 2345 carus3

644 2393 997 2478 magister,
1043 2395 1392 2478 inelegans
1425 2395 1657 2472 homo,
1699 2393 1971 2460 solliciti
2011 2395 2206 2477 pueri
2237 2396 2531 2460 mentum
2574 2409 2777 2458 manu

645 2519 914 2586 mulcet.
946 2517 1029 2585 At
1057 2517 1381 2586 Benotius
1413 2514 1881 2605 Confessiones
1905 2516 2146 2585 sedulo
2170 2518 2432 2603 legerat
2455 2521 2525 2585 et
2551 2533 2776 2585 recor-

644 2644 936 2710 dabatur
990 2643 1434 2729 Augustinum
1473 2635 1713 2726 parum
1776 2644 1889 2709 diu
1942 2647 2079 2709 tam
2133 2642 2378 2709 leniter
2412 2645 2775 2710 tractatum

644 2766 883 2834 fuisse.
939 2764 1189 2832 Narrat
1249 2767 1428 2832 enim
1491 2771 1772 2833 sanctus
1836 2784 2036 2850 quam
2115 2768 2403 2850 primam
2455 2767 2772 2832 habuerit

645 2906 919 2958 causam
953 2891 1165 2958 Deum
1204 2891 1611 2974 implorandi
1650 2909 1668 2957 z
1710 2917 1741 2952 «
1782 2889 1981 2978 Et(1)
2022 2892 2350 2976 rogabam
2389 2894 2456 2958 te
2493 2908 2770 2973 parvuS‚

634 3023 729 3081 ‘ne
751 3016 818 3078 in
840 3015 1077 3081 schola
1102 3016 1523 3098 vapularem.
1563 3042 1595 3075 »
1630 3017 1892 3084 Etenim
1925 3018 1991 3080 in
2024 3014 2258 3082 dextra
2286 3019 2480 3099 parte
2503 3015 2775 3082 tabulae

642 3139 968 3222 magister
1026 3140 1269 3204 iterum
1319 3142 1621 3206 cernitur
1675 3143 1813 3223 qui,
1860 3147 1933 3207 ut
1994 3142 2323 3224 plagosus
2371 3141 2485 3207 ille
2549 3139 2773 3207 Flacci

633 3263 967 3346 magister
1018 3258 1346 3340 Orbilius,
1409 3280 1699 3345 puerum
1765 3265 2069 3331 humeris
2122 3264 2403 3348 majoriS
2456 3263 2773 3347 discipuli

643 3373 897 3453 nudum
932 3386 1324 3469 impositum
1364 3390 1432 3453 et
1468 3386 1833 3470 ejulantem
1874 3389 2137 3455 crebris
2175 3388 2581 3455 verberibus
2622 3388 2771 3454 affi-

645 3513 758 3578 cit.
825 3509 1025 3577 Juxta
1107 3510 1504 3595 magistrum
1588 3527 1761 3594 puer
1829 3513 2005 3578 alius
2079 3513 2302 3596 prima
2396 3514 2773 3579 litterarum

636 3637 973 3703 elementa
998 3634 1308 3702 studiose
1345 3635 1571 3702 discit.
1603 3634 1684 3700 At
1722 3635 2140 3721 Augustinus
2180 3653 2315 3703 non
2357 3641 2497 3703 tam
2527 3637 2771 3703 celeri-

637 3764 744 3826 ter
766 3761 1008 3827 melior
1032 3759 1256 3826 factus
1279 3764 1388 3827 est
1419 3777 1436 3825 :
1466 3785 1496 3817 «
1530 3759 1615 3825 Et
1646 3756 1747 3846 (2)
1772 3745 2231 3843 peccabamus
2262 3766 2507 3840 tamen,
2528 3762 2765 3844 inquit,

646 3884 867 3949 minus
907 3882 1273 3951 scribendo
1313 3886 1431 3949 aut
1478 3883 1795 3969 legendo,
1841 3888 1957 3951 aut
1995 3885 2363 3969 cogitando
2404 3885 2486 3952 de
2523 3886 2770 3952 litteris

638 4024 839 4090 quam
873 4007 1274 4091 exigebatur
1308 4023 1344 4072 a
1382 4008 1605 4073 nobis.
1633 4007 1777 4074 Non
1806 4010 1983 4075 enim
2005 4011 2265 4090 deerat,
2288 4010 2593 4090 Domine,
2621 4025 2763 4075 me-

710 4183 783 4252 (¹)
816 4182 1207 4252 Confessiones,
1235 4180 1386 4237 liber
1415 4180 1457 4249 l,
1488 4186 1664 4254 caput
1695 4200 1766 4236 lx.

710 4272 786 4343 (2)
817 4271 1219 4340 Confessiones,
1250 4268 1401 4325 liber
1432 4269 1473 4338 1,
1501 4277 1676 4342 caput
1706 4289 1820 4327 xm.
