3173 5096
1639 461 1991 525 ...1ss-

752 633 954 696 vavit.
1017 632 1217 696 Pater
1266 633 1698 712 omnipotens
1742 649 1826 697 ex
1885 632 2022 696 alto
2082 634 2288 713 pilum
2322 632 2697 716 jaculatum
2745 632 2886 716 pila

745 753 1135 836 jaculantur
1160 761 1227 822 et
1251 757 1471 839 angeli
1502 774 1792 837 quorum
1818 759 2046 823 vultus
2073 759 2342 823 minime
2382 763 2614 825 truces
2644 760 2882 826 viden-

750 887 881 946 tur.
946 880 1228 945 Frustra
1290 879 1603 946 Christus
1672 899 1797 963 pro
1853 885 2126 949 civitate
2174 881 2585 963 depreeatur
2642 885 2883 948 lateris

748 1003 990 1066 vulnus
1029 1001 1206 1083 patri
1250 1000 1582 1077 indicans,
1643 1009 1711 1067 et
1756 1002 2014 1070 frustra
2056 1010 2275 1072 mater
2315 1007 2512 1072 binas
2546 1024 2882 1072 mammas

746 1142 920 1208 quae
944 1124 1365 1191 salvatorem
1388 1126 1704 1192 aluerunt
1728 1129 2030 1196 ostendit
2053 1148 2252 1197 manu
2272 1131 2655 1198 sustinens:
2680 1149 2879 1199 nemo

746 1252 882 1316 tela
909 1249 1204 1316 relinere
1234 1253 1478 1331 posset
1513 1251 1644 1316 nisi
1690 1257 1999 1320 sanetum
2041 1255 2513 1321 Sebastianum
2549 1257 2876 1339 implora-

746 1373 1489 1440 rentGeminianenses.
1516 1374 1680 1440 Viva
1699 1383 1990 1459 apparet
2016 1379 2332 1463 gigantea
2361 1379 2628 1464 effigies
2660 1384 2878 1448 saneti

744 1516 944 1581 quem
976 1498 1196 1579 pueri,
1229 1498 1552 1564 mulieres
1583 1500 2031 1584 hominesque
2058 1504 2347 1588 genibus
2379 1504 2623 1587 allapsi
2648 1508 2880 1587 'preci-—

745 1624 874 1689 bus
919 1621 1314 1698 sollicitant,
1356 1620 1514 1687 dum
1565 1623 1788 1706 angeli
1827 1628 2097 1695 vastum
2147 1622 2296 1706 eJus
2341 1625 2621 1706 pallium
2660 1627 2877 1708 expli-

744 1752 906 1813 cant
958 1747 1022 1810 in
1088 1761 1223 1826 quo
1292 1748 1519 1810 omnia
1561 1748 1700 1814 tela
1749 1745 2180 1831 franguntur.
2254 1747 2416 1825 Quis
2488 1752 2690 1830 enim,
2745 1752 2875 1820 nisi

743 1873 1022 1937 sanetus
1070 1869 1184 1933 ille
1234 1868 1347 1949 qui
1386 1871 1658 1955 sagittis
1694 1869 2003 1938 confixus
2043 1872 2245 1953 periit
2282 1872 2593 1939 homines
2632 1873 2877 1939 adver-

741 2014 860 2062 sus
901 1998 1186 2081 sagittas
1227 2004 1295 2066 et
1324 2000 1463 2065 tela
1502 2002 1868 2081 protegere
1915 1997 2209 2078 posset?

826 2120 1148 2189 Benolius
1174 2129 1398 2191 autem
1429 2123 1543 2205 qui
1572 2123 2095 2187 nullumtulerat
2119 2121 2539 2203 martyrium,
2561 2121 2875 2187 similiter

738 2246 834 2310 uti
855 2247 1063 2328 pallio
1094 2264 1224 2314 non
1259 2251 1553 2330 poterat,
1586 2247 1710 2313 sed
1743 2264 1780 2314 e
1821 2246 2115 2328 quadam
2140 2247 2437 2327 epistola
2461 2262 2663 2328 quam
2692 2245 2868 2312 Lau-

739 2371 957 2436 rentio
1001 2369 1241 2438 Medici
1277 2372 1627 2439 scribebat
1665 2371 2043 2454 intelligere
2090 2371 2249 2436 lieet
2283 2374 2536 2451 quanta
2570 2370 2870 2437 benevo—

737 2494 946 2561 lentia
981 2496 1254 2564 miseris
1302 2498 1778 2581 opitularetur.
1808 2496 2085 2562 Juvenis
2121 2495 2394 2578 quidam
2441 2511 2642 2577 quem
2680 2494 2868 2579 adju-

740 2625 952 2688 torem
1008 2623 1326 2700 habebat,
1385 2622 1686 2689 cadurca
1726 2623 1855 2688 tria
1900 2621 2256 2687 monachis
2293 2620 2763 2698 subtraxeram
2802 2620 2866 2683 in

723 2745 1052 2828 judicium
1070 2752 1365 2814 vocatus*
1386 2763 1647 2829 poenas
1674 2746 1979 2813 dedisset
2007 2745 2135 2811 nisi
2164 2744 2568 2811 Laurentius
2586 2761 2627 2809 a
2647 2744 2865 2810 Beno-

731 2869 825 2935 tio
871 2872 1169 2937 monitus
1215 2869 1692 2938 auctoritatem
1727 2871 2300 2953 interposuisset;
2346 2885 2507 2935 reus
2552 2871 2777 2935 autem
2827 2883 2868 2931 a

728 2995 987 3060 vicario
1020 2994 1312 3061 Certaldi
1341 2996 1659 3063 custodia
1683 2996 2017 3070 liberatus
2041 2994 2176 3076 ipsi
2203 2993 2568 3060 Laurentio
2608 2992 2863 3057 missus

731 3122 838 3183 est
861 3116 1194 3185 aBenotio
1220 3117 1688 3206 epistolam(l)
1714 3118 2097 3201 ferensqua
2115 3118 2339 3185 bonus
2375 3118 2600 3199 pictor
2623 3131 2862 3183 omnes

802 3311 876 3382 (1)
909 3309 1064 3366 Haec
1088 3310 1336 3383 epistola
1359 3312 1441 3368 sic
1466 3312 1684 3385 legitur
1712 3331 1723 3369 :

797 3429 1092 3497 Maqnifico
1136 3443 1163 3482 e
1208 3430 1579 3484 valentissimo
1628 3431 1858 3498 qiovane
1907 3431 2142 3484 Lorenzo
2186 3429 2247 3482 di
2285 3431 2438 3499 pier-o
2482 3427 2766 3483 de'medici
2804 3430 2860 3482 in

723 3519 923 3584 firenze
947 3533 1044 3571 suo
1077 3518 1542 3587 sinyulurissima

795 3605 871 3658 Al
899 3622 1055 3661 nome
1077 3607 1138 3662 di
1158 3608 1260 3661 Dio
1279 3623 1313 3661 a
1342 3607 1403 3661 di
1426 3605 1464 3658 4
1490 3607 1550 3661 di
1576 3608 1755 3676 luyIio
1788 3607 1966 3662 1467.

794 3693 1106 3749 Clarissimo
1136 3696 1244 3750 mio
1273 3697 1329 3749 in
1359 3696 1540 3751 Cristo
1565 3696 1713 3766 dopo
1745 3698 1959 3766 infinite
1985 3695 2463 3749 racomandationi
2488 3699 2585 3747 elo.
2620 3694 2859 3747 Essendo

718 3782 918 3835 ventrio
966 3784 1147 3852 quello
1190 3786 1452 3839 scandalo
1491 3785 1718 3853 de’satli
1754 3787 1812 3840 ιιι·
1858 3786 2120 3853 qiovanm'
2160 3785 2220 3837 dt
2263 3783 2543 3850 munient),
2599 3798 2765 3851 sopra
2806 3782 2860 3835 la

717 3871 881 3939 quale
907 3870 961 3924 la
992 3887 1089 3926 vra
1117 3865 1438 3928 Reverentia
1458 3876 1505 3928 si
1530 3874 1707 3941 demto
1733 3874 1796 3928 di
1822 3876 2057 3928 scrivere
2085 3872 2143 3925 al
2166 3872 2408 3926 aichario
2429 3872 2489 3925 di
2514 3871 2803 3931 cierlaldO.
2832 3886 2860 3924 e

714 3960 1181 4022 racomandastilo
1218 3964 1279 4015 in
1314 3963 1478 4016 modo
1514 3964 1610 4016 che
1641 3978 1742 4031 per
1769 3970 1951 4017 vostro
1989 3963 2222 4030 rispetto
2243 3961 2294 4015 el
2314 3963 2347 4014 ὰ
2375 3961 2621 4025 luscinio,
2648 3977 2676 4014 e
2705 3976 2739 4013 α
2767 3961 2856 4013 voi

716 4048 877 4101 vuole
915 4052 962 4101 si
999 4053 1323 4118 represents,
1362 4058 1412 4104 et
1456 4056 1510 4104 io
1550 4053 1578 4104 ὁ
1620 4051 1808 4105 sedulo
1833 4067 1935 4121 per
1966 4051 2079 4112 lui‚·
2112 4049 2334 4103 e‘vuole
2369 4050 2410 4102 il
2451 4049 2693 4103 vichario
2734 4049 2852 4101 chio

718 4135 766 4188 v'
797 4138 939 4190 arisi
981 4138 1078 4190 che
1117 4154 1236 4192 cosa
1272 4149 1391 4192 era*
1409 4145 1602 4208 questa
1640 4157 1666 4194 e
1705 4140 1764 4193 di
1808 4140 1899 4193 che
1939 4140 2311 4207 importunza.
2348 4138 2416 4192 El
2453 4154 2582 4192 vero
2610 4143 2638 4189 ὲ
2668 4141 2852 4206 questo

722 4225 913 4295 rfiell'e
957 4242 1079 4281 cosa
1110 4228 1265 4282 triste
1307 4244 1335 4281 e
1364 4230 1680 4299 vituperosa
1719 4246 1753 4283 a
1791 4229 1876 4283 chi
1910 4228 2008 4282 ode
2047 4227 2100 4280 la
2138 4243 2261 4282 cosa
2304 4228 2554 4296 semplice
2588 4242 2759 4282 sanza
2808 4225 2856 4278 le
