3173 5096
1570 549 1654 557 .-
1705 511 1746 576 4
1794 550 1877 558 -

649 700 924 745 numm.
979 680 1286 745 Laudace
1332 703 1484 745 eum
1540 681 1615 745 in
1669 703 1826 746 sono
1888 680 2117 762 tubae,
2179 683 2455 748 laudale
2507 706 2659 749 eum
2715 684 2784 749 in

640 802 961 890 psalterio
988 817 1051 868 ec
1081 803 1367 870 cithara.
1405 804 1713 869 Laudale
1758 827 1912 870 eum
1949 806 2016 871 in
2057 820 2383 897 lympano
2421 821 2484 874 ec
2529 809 2729 873 choro
2763 832 2787 876 .·

647 925 926 993 laudate
960 950 1113 993 eum
1144 928 1218 994 in
1253 928 1522 994 chordis
1552 941 1617 994 ec
1646 951 1925 1016 orqano,
1963 930 2268 998 Laudate
2302 955 2453 999 eum
2485 934 2555 1001 in
2595 953 2785 1020 cym-

646 1051 825 1118 balie
869 1052 1031 1146 bene
1061 1053 1490 1120 sonantibus:
1531 1052 1810 1119 laudale
1849 1077 2002 1120 eum
2052 1055 2129 1122 in
2167 1055 2492 1145 cymbalis
2518 1057 2789 1145 jubila-

644 1178 849 1245 tionis
888 1200 911 1245 :
985 1178 1204 1245 omnis
1275 1178 1554 1268 spiritus
1619 1177 1852 1244 laudet
1914 1181 2298 1246 Dominum.
2371 1184 2563 1250 Nulla
2639 1191 2789 1251 erat

644 1306 1019 1373 artificibus
1068 1323 1279 1372 causa
1327 1323 1451 1372 cur
1490 1305 1742 1389 aliquid
1808 1305 1892 1373 de
1952 1309 2175 1374 sacris
2232 1309 2597 1390 scripturis
2668 1316 2787 1376 aut

641 1432 887 1497 mutari
946 1435 1061 1496 aut
1115 1430 1324 1497 recidi
1364 1435 1798 1512 quaererent,
1845 1447 1995 1497 cum
2042 1430 2369 1499 facultate
2411 1432 2789 1517 gauderent

640 1573 776 1638 qua
814 1556 1034 1622 sacris
1076 1556 1437 1637 scripturis
1468 1571 1707 1621 omnes
1741 1557 2014 1637 lepores
2051 1554 2414 1623 secundum
2440 1558 2781 1641 ingenium

644 1683 887 1763 posset
926 1679 1205 1747 addere.
1255 1679 1598 1761 Nusquam
1650 1680 1813 1746 dicit
1865 1679 2299 1762 Evangelium
2352 1680 2604 1748 Christi
2646 1697 2786 1748 ma‘-

640 1810 813 1872 trem
860 1802 1235 1869 formosam
1292 1805 1644 1869 mulierem
1695 1803 2072 1887 magnificis
2119 1806 2428 1871 vestibus
2471 1811 2780 1874 ornatam

639 1928 855 1995 fuisse
899 1929 1360 2012 egregiaeque
1402 1929 1685 1995 nutricis
1730 1930 1961 2012 egisse
2004 1934 2259 2010 partes.
2318 1929 2458 1996 lllis
2508 1930 2782 2012 quidem

638 2057 1066 2138 temporibus
1129 2054 1431 2134 pictores
1491 2054 2016 2135 sculptoresque
2086 2054 2441 2120 certabant
2507 2055 2566 2119 si
2625 2056 2780 2136 quis

640 2196 790 2244 eam
839 2178 1191 2244 blandiore
1247 2177 1388 2242 oris
1443 2176 1799 2256 majestate
1862 2178 1970 2242 vel
2017 2178 2482 2259 splendidiore
2531 2181 2778 2245 amictu

639 2303 964 2386 insignire
1000 2305 1266 2384 posset,
1317 2305 1384 2366 et
1425 2300 1720 2366 validum
1773 2302 2059 2368 robusto
2107 2321 2398 2385 corpore
2452 2300 2777 2386 pupulum

640 2431 864 2497 sacris
900 2429 983 2493 ab
1037 2427 1363 2493 uberibus
1408 2427 1945 2508 suspendebant.
1989 2426 2226 2493 Omnia
2273 2429 2523 2495 Mariae
2566 2431 2778 2495 simu-

639 2536 837 2622 lacra³
855 2554 1089 2620 matris
1130 2557 1404 2618 tenerae
1437 2550 1634 2617 dulce
1670 2553 2119 2618 ministerium
2153 2554 2523 2620 celebrant.
2560 2553 2777 2620 Simu-

639 2673 827 2738 lacra
881 2675 1038 2738 sunt
1099 2667 1221 2735 sed
1285 2684 1488 2733 unum
1537 2668 1857 2750 quodque
1919 2686 2155 2737 eorum
2216 2671 2499 2754 propria
2559 2670 2781 2737 anima

641 2813 1017 2881 magnaque
1089 2795 1366 2860 dotatur
1428 2797 1795 2874 potestate.
1859 2792 2247 2861 Admiratus
2319 2795 2541 2862 fuerat
2601 2794 2798 2861 Pisis'

638 2922 959 2989 Benotius
1008 2918 1369 3001 imaginem
1418 2917 1603 2980 illam
1672 2934 1845 2999 quae
1905 2921 2222 3003 exiguum
2282 2924 2776 3001 venustumque

640 3047 962 3128 templum
1005 3042 1289 3106 Sanctae
1330 3037 1582 3108 Mariae
1618 3039 1861 3122 Spinae
1894 3043 2181 3109 adornat
2220 3048 2288 3110 et
2321 3046 2415 3109 ita
2450 3045 2779 3126 inscripta

640 3176 747 3238 cst
782 3188 796 3234 :

923 3311 1103 3362 Saoeea
1131 3321 1251 3360 sum
1282 3306 1376 3359 sed
1400 3306 1448 3359 si
1478 3307 1639 3373 fertis
1662 3308 1760 3374 pia
1785 3312 1911 3360 vola
1936 3322 2253 3375 precesque,

991 3397 1341 3449 Manszoetum
1370 3392 1506 3447 duro
1538 3411 1805 3448 marmore
1836 3410 2037 3449 numen
2066 3397 2189 3450 erit.

638 3541 898 3607 Jamdiu
943 3541 1286 3606 licentiam
1341 3541 1672 3607 dederant
1716 3541 2052 3613 ecclesiae
2094 3542 2457 3624 pontifices
2506 3542 2774 3609 Veteris

640 3667 1055 3733 Testamenti
1094 3666 1315 3749 legem
1356 3665 1844 3747 perrumpendi
1881 3668 1984 3733 sic
2016 3667 2365 3750 jubentem
2402 3686 2416 3731 :
2469 3665 2634 3733 Non
2673 3665 2771 3752 (l)

632 3788 851 3878 facies
888 3789 1011 3854 tibi
1064 3789 1405 3879 sculptile,
1447 3813 1667 3879 neque
1725 3811 1991 3856 omnem
2030 3788 2559 3855 similitudinem
2598 3810 2777 3877 quae

640 3912 831 3979 estin
856 3914 1034 3979 coelo
1056 3914 1372 4005 desuper,
1408 3927 1471 3979 et
1509 3937 1685 4003 quae
1716 3915 1791 3980 in
1827 3925 2009 3980 terra
2048 3912 2381 3979 deorsum.
2418 3915 2571 3979 Non
2605 3911 2772 3979 ado·

638 4037 813 4103 rabis
852 4061 931 4103 ea
960 4061 1172 4127 neque
1204 4039 1482 4107 calesu...
1520 4041 1730 4107 Immo
1760 4042 2283 4124 postulabantur
2321 4040 2621 4108 artifices
2655 4041 2769 4123 qui

712 4313 786 4384 (1)
815 4314 970 4367 Liber
1009 4313 1207 4380 Exodi,
1241 4316 1413 4383 caput
1440 4328 1523 4365 xx.
