3173 5096
1553 556 1907 619 —82-

666 726 803 791 Noe
841 743 1103 803 nurum,
1151 724 1445 789 invidam
1482 725 1741 803 Saram,
1786 726 2096 790 dolosam
2143 722 2544 801 Rebeccam,
2585 723 2798 787 libidi-

666 866 902 914 nosam
953 848 1340 931 putipharis
1400 867 1706 930 uxorem,
1772 854 1840 913 at
1894 845 2222 930 plurimas
2287 848 2459 912 alias
2527 851 2798 913 teneras

667 974 1092 1040 demonstrat
1140 974 1471 1057 conjuges
1536 975 1822 1054 piasque
1893 975 2171 1036 matres.
2219 968 2579 1036 Munditias
2639 988 2800 1038 con-

667 1098 871 1177 cedit,
915 1101 1377 1179 venustasque
1418 1098 1719 1181 virgines
1751 1113 1924 1177 quae
1960 1080 2215 1162 choros
2251 1094 2505 1160 ducunt
2533 1095 2805 1160 videtur

665 1222 966 1287 laudare.
1001 1222 1435 1288 Fraudulenti
1459 1221 1748 1302 denique
1776 1221 2077 1287 nonnulli
2105 1218 2555 1300 crudelesque
2581 1220 2799 1284 homi-

665 1365 789 1414 nes
853 1350 1009 1412 sunt
1070 1348 1249 1412 sicut
1304 1346 1512 1412 Jacob
1586 1344 2239 1426 Sichemitarumque
2280 1342 2795 1438 interfectores;

666 1472 933 1539 nobiles
984 1488 1149 1538 vero
1213 1471 1643 1552 modesthue
1706 1470 1896 1535 multi
1955 1473 2115 1534 sunt
2163 1470 2341 1533 sicut
2385 1467 2562 1534 Esaii
2606 1467 2800 1533 fratri

666 1599 1033 1681 ignoscens
1077 1600 1194 1660 aut
1251 1595 1657 1660 Franciscus
1701 1594 1978 1675 pallium
2028 1594 2312 1676 pauperi
2362 1592 2531 1658 dans
2579 1592 2793 1658 militi.

664 1721 965 1786 Aliorum
1018 1720 1351 1802 pravitate
1388 1718 1726 1785 dolentem
1771 1719 2150 1799 sapientem
2197 1718 2488 1782 aliorum
2536 1717 2800 1783 solatur

666 1844 1220 1929 magnanimitas;
1293 1848 1361 1908 et
1437 1844 1504 1907 in
1580 1859 1847 1908 summa
1907 1843 2139 1924 plures
2197 1858 2354 1907 esse
2414 1841 2655 1906 molles
2716 1857 2798 1905 ac

665 1970 998 2053 benignos
1042 1985 1243 2050 quam
1283 1968 1494 2034 duros
1531 1967 1795 2033 animos
1836 1967 2063 2033 sentit.
2111 1966 2300 2043 Quod
2342 1966 2586 2031 saltem
2627 1966 2797 2031 exis-

664 2095 905 2159 timare
982 2093 1180 2158 nobis
1239 2092 1509 2158 videtur
1589 2066 1935 2171 BenotiuS‚
2009 2091 2122 2173 qui
2182 2106 2386 2156 senes
2461 2107 2797 2172 persaepe

665 2218 966 2300 depinxit
1020 2234 1309 2299 quorum
1387 2216 1703 2283 renidens
1777 2217 2004 2281 vultus
2079 2214 2385 2281 declarat
2442 2231 2564 2280 eos
2620 2216 2800 2281 vitae

668 2337 1160 2424 spectaculum,
1202 2342 1334 2406 etsi
1369 2342 1599 2406 multis
1641 2341 1985 2405 turbatum
2013 2342 2111 2414 ‚sit
2140 2339 2516 2418 doloribuS‚
2563 2345 2797 2405 carum

669 2469 1015 2534 habuisse.

756 2593 963 2659 Nobis
1003 2595 1070 2656 in
1113 2594 1315 2676 longa
1364 2593 1765 2657 Pisanorum
1809 2592 2203 2657 coemeterii
2245 2591 2506 2672 porticu
2565 2592 2797 2656 ambu—

666 2718 960 2783 lantibus
1024 2717 1395 2797 optandum
1455 2717 1675 2780 visum
1737 2721 1844 2781 est
1900 2720 1974 2781 ut
2033 2715 2356 2780 Benotius
2402 2711 2474 2778 ‘in
2534 2716 2797 2798 magnis

667 2842 951 2922 picturis
994 2840 1354 2907 Homerica
1393 2843 1712 2921 poemata
1768 2841 2228 2921 exposuisset.
2275 2837 2581 2905 Nestoris
2622 2841 2796 2904 enim

668 2965 960 3029 Ulixisve
1060 2965 1462 3045 sapientiam
1560 2963 1816 3044 optime
1891 2964 2400 3029 illustravisset.
2482 2962 2800 3028 Servatur

668 3087 1048 3153 Florentiae
1088 3088 1153 3150 in
1182 3086 1629 3152 Riccardiana
1662 3087 2078 3153 bibliotheca
2106 3088 2605 3168 pulcherrimus
2636 3087 2797 3153 Ver—

668 3212 808 3295 gilii
857 3214 1246 3292 poematum
1297 3211 1515 3277 codex
1569 3210 1765 3293 cujus
1826 3212 2121 3277 minutae
2185 3212 2490 3293 picturae
2538 3209 2798 3276 Benotii

669 3333 846 3418 opu's
899 3352 1056 3402 esse
1119 3335 1458 3400 dicuntur.
1521 3335 1612 3401 Dc
1668 3333 1849 3401 facto
1894 3352 2058 3401 vero
2113 3351 2245 3400 non
2301 3338 2602 3413 constat;
2645 3352 2797 3401 eum

667 3463 894 3544 aliqua
960 3461 1365 3538 lineamenta
1422 3460 1507 3525 ad
1572 3460 1725 3525 illas
1801 3462 2105 3540 picturas
2161 3457 2336 3525 forte
2398 3458 2798 3541 praebuisse

669 3591 927 3653 tantum
973 3583 1406 3651 arbitramur.
1463 3584 1542 3649 At
1577 3586 1804 3650 nonin
1857 3589 1994 3651 tam
2036 3586 2286 3667 exiguo
2336 3585 2506 3649 loco
2533 3577 2801 3664 poterat

669 3711 968 3792 pandere
1004 3710 1156 3775 vela
1183 3709 1434 3792 ingenii
1471 3708 1654 3789 quod
1695 3727 1940 3792 magna
1984 3709 2209 3791 spatia
2247 3708 2659 3789 requirebat.
2705 3707 2800 3773 Ad

670 3834 1034 3901 Homerum
1071 3835 1524 3917 Vergiliumve
1569 3833 2124 3916 interpretandos
2164 3833 2551 3916 ingentibus
2583 3835 2803 3915 parie-

633 3961 849 4031 tibus
899 3961 961 4026 ei
1015 3976 1190 4040 opus
1226 3956 1493 4024 fuisset.
1558 3957 1890 4040 Quidquid
1932 3963 2062 4036 est,
2117 3959 2316 4024 etiam
2361 3960 2425 4022 in
2483 3958 2804 4025 hebraeis

670 4085 1195 4165 christianisque
1224 4084 1530 4148 historiis
1549 4082 1963 4149 Graecorum
1989 4080 2804 4165 Latinorumquesapien-

670 4211 830 4276 tiam
859 4213 926 4274 et
955 4208 1218 4289 poesim
1251 4206 1536 4272 candide
1574 4205 1983 4288 importavit.
2013 4207 2301 4273 Errores
2330 4210 2515 4273 certe
2547 4212 2706 4272 sunt
2738 4214 2808 4274 et

669 4335 831 4400 vitia
884 4334 1091 4398 multa
1128 4332 1192 4394 in
1224 4333 1339 4396 illo
1378 4333 1712 4397 immenso
1755 4348 1991 4411 opere.
2037 4331 2348 4398 Artifices
2389 4332 2666 4413 plurimi·
2688 4336 2803 4414 qui
