3173 5096
1293 483 1648 546 —29-

398 657 594 717 natus
627 670 779 718 cum
816 656 882 718 ct
917 653 1340 734 praeclarum
1380 653 1772 718 comitatum
1801 653 2030 719 videre
2065 655 2302 736 potuit.
2340 653 2526 719 Anno

396 794 560 843 vero
610 775 1041 853 MCCCCLlX‚
1087 793 1235 841 cum
1282 776 1480 858 huJus
1530 778 1770 843 sacelli
1809 779 2111 858 parietes
2160 778 2529 863 depingere

388 901 528 983 jam
576 902 951 983 inceperat,
1002 919 1181 983 papa
1218 902 1374 966 Pius
1421 901 1470 965 ll
1527 902 1936 968 Florentiam
2003 904 2206 969 venit.
2249 903 2528 988 Magnae
2583 877 2852 1086 ff

396 1017 670 1093 fuerunt
708 1024 921 1092 feriae
954 1042 1104 1092 cum
1142 1043 1483 1093 armorum
1516 1028 1663 1092 lusu
1701 1030 1765 1093 et
1794 1027 2164 1093 certamine
2197 1026 2517 1093 serarum.

397 1134 862 1217 'Miscebantur
891 1150 1129 1218 decem
1169 1152 1433 1229 leoneS,
1475 1154 1619 1216 tres
1649 1151 1809 1232 lupi,
1842 1155 2136 1232 quatuor
2172 1153 2368 1228 tauri,
2398 1152 2531 1218 duo

396 1277 524 1353 uri,
567 1294 697 1341 una
737 1293 968 1352 vacca,
1021 1293 1196 1341 unus
1228 1292 1415 1357 aper,
1463 1293 1637 1341 unus
1676 1277 1927 1342 vitulus
1959 1281 2028 1342 et
2066 1294 2198 1342 una
2230 1278 2528 1343 camelo—

398 1400 723 1481 pardalis.
799 1400 1174 1465 Textilibus
1229 1390 1542 1465 ornatum
1603 1399 1827 1466 fuerat
1868 1399 2087 1466 forum
2159 1405 2357 1467 vetus
2417 1402 2529 1467 ubi

399 1526 753 1609 sexaginta
819 1525 1186 1592 Florentini
1240 1524 1529 1605 juvenes
1585 1527 1841 1591 choros
1918 1526 2278 1592 ducebant.
2348 1527 2530 1603 Quae

398 1651 624 1716 omnia
661 1649 983 1715 Benotius
1020 1651 1278 1716 etalias
1320 1648 1529 1715 serias
1554 1649 1843 1716 viderat.
1876 1651 2130 1716 Divites
2165 1655 2530 1717 venatores

397 1776 512 1856 qui
547 1775 775 1839 multis
817 1775 1297 1855 praesentibus
1338 1774 1576 1838 amicis
1614 1790 1860 1840 cervos
1892 1773 2188 1857 agebant
2221 1778 2336 1840 aut
2376 1792 2527 1841 cum

396 1897 783 1964 falconibus
837 1899 1351 1980 aucupabantur
1391 1900 1615 1980 pictor
1649 1899 1962 1980 equitans
2001 1915 2208 1981 saepe
2251 1902 2530 1964 secutus

399 2027 568 2089 erat.
617 2023 712 2088 Ea
762 2027 914 2088 ante
970 2024 1210 2089 oculos
1247 2027 1440 2088 erant
1475 2023 1632 2089 dum
1673 2022 1909 2107 Magos
1950 2021 2295 2089 Bethleem
2326 2024 2530 2106 longo

400 2146 665 2229 agmine
704 2151 1016 2227 petentes
1048 2148 1483 2231 depingebat.

409 2305 413 2312 ·
491 2269 615 2347 Qui
667 2272 927 2353 primus
977 2272 1228 2338 incedit
1279 2289 1630 2356 magorum
1678 2266 2088 2339 venerabilis
2136 2273 2424 2339 candida
2466 2278 2537 2340 et

399 2397 743 2477 promissa
782 2381 996 2462 barba
1041 2414 1249 2464 senex
1294 2403 1424 2477 cst,
1466 2404 1533 2464 et
1585 2401 1655 2464 ut
1689 2392 2067 2479 praelatum
2100 2397 2321 2475 decet,
2352 2398 2532 2464 mulo

397 2522 689 2587 vehitur.
753 2520 1075 2588 Benotius
1109 2522 1217 2588 ad
1255 2523 1763 2590 similitudinem
1800 2540 1951 2589 cum
1991 2520 2279 2589 finxerat
2321 2520 2532 2589 Cons-

399 2645 842 2725 tantinopolis
890 2632 1323 2713 patriarchae
1369 2649 1507 2729 qui,
1551 2664 1704 2714 cum
1764 2648 2170 2714 Florentiam
2236 2647 2319 2712 ad
2369 2664 2533 2712 con-

399 2770 626 2837 cilium
662 2771 966 2837 venisset
1006 2772 1096 2836 ibi
1128 2775 1443 2837 'mortuus
1480 2777 1590 2839 est
1619 2778 1687 2839 et
1726 2773 1787 2836 in
1824 2770 1892 2835 S.
1926 2771 2176 2837 Mariae
2214 2770 2534 2839 Novellae

397 2894 652 2978 templo
685 2898 998 2979 sepultus
1024 2895 1185 2961 vfuit.
1219 2896 1384 2961 Eum
1412 2896 1546 2963 duo
1581 2898 1763 2981 pagii
1796 2896 2212 2963 antecedunt
2242 2913 2530 2979 quorum

399 3023 570 3088 alter
604 3040 838 3089 ensem
871 3021 1023 3091 fert<
1059 3022 1231 3087 alter
1267 3039 1389 3087 vas
1426 3023 1970 3106 unguentarium.
2005 3020 2185 3087 Auro
2214 3021 2536 3087 distincta

397 3151 504 3211 cst
543 3148 778 3225 vestis,
824 3148 1188 3228 vultusque
1246 3144 1608 3212 femineus.
1653 3145 1914 3212 Nobilis
1954 3146 2226 3228 quidam
2262 3146 2534 3229 Juvenis

398 3270 685 3351 pardum
718 3273 957 3336 catena
997 3275 1182 3337 tenet
1228 3271 1291 3335 in
1336 3276 1532 3355 tergo
1580 3272 1933 3338 sedentem
1968 3273 2125 3353 equi
2173 3272 2533 3337 calcitrare

398 3395 716 3460 minantis
774 3396 1036 3460 :alium
1101 3397 1386 3478 pardum
1441 3397 1744 3463 custodit
1806 3395 2099 3462 famulus
2156 3398 2224 3460 in
2288 3413 2533 3477 equum

399 3518 813 3598 ascendens3
836 3520 898 3583 in
920 3520 1451 3587 abscedentibus
1471 3522 1743 3588 tabulae
1767 3522 2076 3604 partibus
2099 3520 2341 3586 deinde
2361 3521 2535 3586 alius

400 3644 656 3726 pardus
684 3644 1078 3725 capreolum
1110 3646 1515 3727 insequitur,
1552 3648 1729 3712 alius
1768 3650 2034 3711 taurum
2067 3645 2182 3726 qui
2212 3644 2534 3710 cornibus

399 3771 716 3835 minitans
738 3771 1183 3835 convertitur.
1213 3769 1479 3835 lnterea
1506 3762 1752 3836 simius
1769 3772 1832 3834 in
1857 3762 2534 3853 equi·tergo.quietus

401 3892 619 3959 sedet.
664 3893 731 3956 ln
767 3894 876 3958 via
914 3892 1205 3975 quadam
1243 3893 1326 3958 ad
1364 3890 1870 3960 similitudinem
1900 3896 2051 3960 viae
2086 3893 2535 3961 Bononiensis

401 4018 750 4099 descripta
800 4017 1114 4100 procedit
1159 4022 1435 4086 caterva
1484 4020 1834 4085 hominum
1884 4018 2118 4085 habitu
2174 4018 2534 4087 florentino

400 4158 691 4222 quorum
736 4142 1040 4208 miranda
1081 4147 1189 4208 est
1228 4145 1561 4224 pileorum
1600 4149 2134 4226 petasorumque
2173 4147 2473 4211 varietas
2518 4165 2532 4210 ε

402 4267 565 4331 muli
597 4271 665 4331 et
714 4267 955 4332 cameli
993 4271 1302 4334 sarcinas
1343 4268 1600 4348 ferunt3
1654 4270 1934 4336 camelis
1989 4269 2357 4352 Aethiopes
2404 4269 2535 4334 duo
