3173 5096
1501 471 1849 532 —02—

612 639 882 703 inaures
908 659 1172 716 aureas,
1214 636 1668 726 appendentes
1711 637 1906 702 siclos
1940 636 2105 702 duos
2141 649 2202 702 el
2245 638 2558 705 armillas
2593 642 2740 706 toci-

613 761 763 826 dem
790 761 1016 852 pondo
1056 762 1374 828 seclorum
1402 759 1659 826 decem.
1701 765 2059 830 Rebeccae
2108 766 2337 831 vultus
2364 770 2738 850 gestusque

613 888 1123 954 admirationem
1153 890 1352 954 simul
1390 888 1968 970 cupiditatemque
2004 888 2375 955 declarant.

701 1012 771 1077 ln
827 1013 1069 1079 dextra
1122 989 1316 1096 parte
1393 1014 1666 1079 tabulae
1737 1013 1821 1077 ad
1880 1014 2153 1079 domum
2210 1014 2548 1080 Abrabam
2589 1033 2741 1098 per-

611 1138 792 1203 venit
849 1138 1187 1215 Rebecca,
1253 1137 1450 1221 cujus
1486 1138 1742 1202 vultum
1810 1141 2173 1220 postquam
2224 1156 2309 1205 ex
2351 1156 2531 1221 equo
2583 1139 2741 1206 des-

610 1264 861 1342 cendit,
904 1267 1103 1330 vetus
1162 1264 1505 1345 patriarca
1562 1266 1918 1344 utramque
1973 1281 2240 1329 manum
2307 1265 2739 1348 prehendens

611 1389 885 1455 curiose
921 1389 1264 1465 intuetur;
1306 1388 1420 1452 illa
1449 1403 1616 1452 vero
1658 1403 1792 1451 non
1830 1400 2060 1451 senem
2096 1384 2219 1449 sed
2247 1382 2440 1450 Isaac
2469 1388 2744 1466 spectat

606 1512 720 1595 qui
745 1512 1245 1594 pulchritudine
1301 1510 1569 1592 puellae
1615 1510 1842 1575 subito
1894 1507 2321 1590 stupefactus
2373 1509 2738 1576 confusus-

608 1652 737 1716 que
770 1641 1017 1701 manet.
1052 1634 1284 1700 Puella
1319 1638 1424 1699 est
1456 1635 1639 1700 enim
1678 1658 1710 1691 «
1751 1633 2007 1700 decora
2041 1630 2133 1719 (l)
2183 1633 2380 1698 nimis
2405 1635 2737 1718 virgoque

606 1760 1062 1841 pulcherrima
1096 1762 1165 1824 et
1190 1759 1536 1841 incognita
1554 1759 1700 1823 viro
1748 1784 1804 1822 ».
1848 1755 2197 1824 Sollicitus
2233 1758 2490 1824 Eliezer
2524 1758 2731 1826 Deum

603 1885 925 1967 implorat
958 1887 1031 1950 ut
1057 1885 1286 1966 puella
1320 1888 1608 1966 accepta
1644 1887 1734 1951 sit
1769 1884 2136 1949 Abraham.
2171 1883 2550 1965 Nuptialem
2586 1890 2734 1951 tan-

608 2008 763 2074 dem
796 2025 1080 2074 coenam
1112 2008 1462 2087 videmus;
1509 2009 1592 2074 ad
1631 2010 1938 2076 dextram
1974 2008 2330 2075 Rebeccae
2363 2009 2561 2076 sedet
2595 2026 2736 2077 ser-

603 2150 734 2198 vus
770 2133 1033 2199 Eliezer
1083 2135 1197 2214 qui
1243 2135 1562 2215 poculum
1612 2136 1678 2197 in
1731 2150 1931 2199 manu
1977 2135 2163 2198 tenet
2202 2137 2271 2199 et
2308 2149 2526 2200 novos
2567 2151 2734 2200 con-

592 2257 796 2341 Juges
846 2258 1045 2323 bonis
1092 2258 1324 2324 verbis
1380 2260 1652 2323 salutat.
1733 2258 2029 2324 Resonat
2091 2259 2371 2343 elegans
2425 2260 2733 2341 porticus

601 2383 782 2462 laeto
831 2382 1146 2447 tubarum
1184 2382 1534 2465 clangore.
1577 2383 1760 2459 Quae
1807 2384 2034 2448 omnia
2064 2383 2480 2467 excogitavit
2513 2383 2732 2450 Beno-

597 2507 757 2584 tiuS‚
810 2524 960 2573 nam
1017 2506 1100 2572 de
1156 2506 1349 2573 Isaac
1404 2511 1470 2574 et
1518 2506 1871 2574 Rebeccae
1922 2507 2175 2590 nuptiis
2232 2508 2393 2573 nihil
2438 2510 2729 2591 amplius

596 2631 811 2698 Biblia
846 2633 1057 2700 refert
1090 2636 1222 2699 nisi
1250 2637 1461 2700 haec:
1508 2657 1540 2690 «
1577 2631 1957 2699 Introduxit
1990 2630 2083 2718 (2)
2130 2651 2280 2699 eam
2315 2635 2381 2698 in
2420 2635 2731 2701 taberna-

595 2759 821 2824 culum
845 2758 1050 2825 Sarae
1080 2760 1316 2824 matris
1344 2775 1510 2825 suae
1547 2763 1615 2824 et
1650 2758 1920 2840 accepit
1942 2774 2092 2823 eam
2123 2774 2444 2836 uxorem3
2482 2763 2549 2825 et
2584 2763 2728 2825 tan-

596 2886 737 2946 tum
776 2881 1009 2948 dilexit
1044 2899 1194 2947 eam
1231 2886 1302 2947 ut
1356 2882 1690 2959 dolorem,
1728 2883 1840 2964 qui
1895 2898 1979 2947 ex
2012 2886 2233 2948 morte
2293 2884 2529 2948 matris
2579 2883 2727 2967 eJus

597 3006 963 3085 acciderat,
1014 3010 1450 3088 temperaret.
1503 3031 1534 3065 »
1590 3007 1781 3083 Quod
1848 3007 2110 3090 legerat
2171 3006 2516 3088 BenotiuS,
2572 3025 2726 3074 nam

494 3208 509 3216 ,
602 3130 768 3194 Sara
802 3147 841 3194 a
874 3132 1156 3211 nuptiali
1217 3147 1434 3197 coena
1469 3131 1667 3197 abest
1715 3134 1784 3197 et
1817 3132 2002 3196 luctu
2038 3129 2335 3197 afflictus
2388 3130 2726 3198 Abraham

599 3254 889 3320 videtur.
1436 3266 1439 3269 ⁷

598 3422 599 3425 ,
688 3377 759 3441 In
796 3376 1157 3443 undecima
1193 3378 1422 3443 tabula
1456 3379 1695 3445 dulces
1744 3379 1924 3445 illius
1979 3381 2390 3445 matrimonii
2435 3379 2724 3448 effectus

595 3505 979 3586 patescunt.
1021 3501 1360 3568 Gemellos
1408 3504 1584 3568 enim
1640 3503 1843 3568 modo
1879 3507 2149 3585 peperit
2177 3480 2512 3583 Rebecca,
2547 3524 2722 3587 quae

594 3645 769 3695 nunc
812 3630 879 3692 in
924 3644 1169 3711 magno
1225 3634 1603 3710 ornatoque
1661 3630 1841 3695 lecto
1895 3628 2164 3694 duobus
2217 3629 2509 3710 pulvinis
2554 3628 2723 3696 fulta

594 3751 812 3828 sedet,
871 3768 1247 3833 manusque
1305 3769 1480 3834 aqua
1528 3755 1706 3818 lavat
1765 3771 1966 3834 quam
2018 3753 2263 3819 ancilla
2299 3752 2605 3820 formosa
2638 3772 2721 3820 ex

591 3877 871 3942 vasculo
905 3875 1213 3942 effundit.
1259 3876 1505 3944 Multae
1547 3877 1793 3944 adsunt
1833 3878 2178 3950 mulieres,
2220 3896 2504 3960 quarum
2546 3878 2719 3945 duae

595 3999 1035 4083 gemellorum
1075 4003 1377 4067 nutrices
1420 4000 1618 4067 sunt.
1697 4002 1876 4068 Esaii
1939 4005 2162 4069 nutrix
2232 4004 2584 4084 parvulum
2651 4007 2721 4069 ut

665 4174 741 4245 (1)
787 4175 941 4228 Liber
969 4175 1209 4241 Genesis,
1240 4179 1413 4245 caput
1443 4193 1586 4241 xx1v,
1626 4181 1707 4231 16.

667 4264 741 4334 (2)
777 4263 938 4317 Liber
966 4264 1205 4332 Genesis,
1234 4268 1406 4333 caput
1438 4280 1580 4330 xxiv,
1616 4270 1701 4319 θ’..
