3173 5096
1556 486 1910 550 —32-

678 675 827 723 men
869 656 1087 722 bonus
1127 657 1351 739 pictor
1387 656 1452 718 in
1486 658 1618 720 hoc
1658 655 1912 720 sacello
1941 670 2201 736 pauper
2240 654 2391 734 ipse
2431 670 2806 748 pauperum

678 799 808 848 non
841 783 1092 848 oblitus
1119 785 1248 847 est.
1294 780 1454 846 Nam
1485 797 1570 846 ex
1610 779 1891 846 sedibus
1923 779 2039 843 ubi
2068 778 2275 844 Deum
2312 779 2601 845 orabant
2628 781 2811 861 prin-

672 909 867 989 cipes
903 907 1226 985 MediceS‚
1263 907 1594 988 parietum
1640 908 1971 987 angustas
2010 919 2336 969 versuras
2386 920 2472 969 ex
2517 903 2810 969 adverso

677 1033 941 1099 intueri*
965 1034 1281 1113 poterant
1322 1031 1436 1096 ubi
1483 1035 1806 1111 pastores
1851 1032 1919 1095 et
1953 1028 2293 1094 bubulcus
2331 1030 2811 1111 asinariusque

673 1156 1042 1241 finguntur.
1085 1155 1151 1220 ln
1188 1165 1475 1222 versura
1530 1154 1792 1220 sinistri
1824 1153 2107 1236 parietis
2161 1153 2540 1237 longaevus
2575 1156 2813 1235 pastor

480 1137 616 1458 Q
673 1283 902 1348 ovium
938 1282 1155 1347 adest.
1193 1281 1437 1346 baculo
1466 1279 1760 1352 innixus,
1807 1279 2006 1343 nudis
2039 1277 2325 1359 pedibus
2365 1277 2809 1358 'complicitis3

680 1406 876 1489 cujus
918 1410 1123 1486 caput
1162 1408 1412 1470 terram
1450 1404 1775 1469 intuentis
1823 1403 2131 1468 cucullus
2171 1402 2362 1485 tegit.
2407 1402 2628 1467 Adest
2649 1403 2816 1486 vigi—

679 1531 791 1596 lax
831 1530 1019 1595 canis
1056 1530 1280 1593 ovium
1318 1533 1581 1593 custos.
1622 1525 1861 1593 Secum
1910 1529 1978 1591 in
2037 1527 2259 1593 animo
2306 1527 2576 1609 reputat
2607 1544 2818 1594 senex

683 1656 909 1721 ovium
945 1654 1166 1720 lanam
1205 1648 1757 1717 Florentinorum
1790 1667 2069 1717 causam
2104 1668 2262 1718 esse
2305 1652 2718 1732 opulentiae.
2752 1651 2819 1717 Si

684 1796 850 1845 oves
890 1781 1294 1861 pastoresve
1327 1775 1711 1858 defuissent
1741 1792 2081 1858 nunquam
2116 1777 2442 1858 palatium
2467 1776 2818 1857 principes

685 1903 986 1970 Medices
1027 1900 1390 1968 aedificare
1422 1902 1834 1982 potuissent.
1867 1899 2020 1983 lpse
2063 1915 2228 1967 vero
2270 1904 2509 1982 pastor
2547 1918 2824 1984 semper

688 2038 946 2112 egenus
992 2028 1158 2102 erit3
1196 2025 1314 2093 sed
1360 2029 1604 2096 contra
1639 2028 1896 2091 sortem
1936 2025 2231 2108 iniquam
2272 2043 2403 2091 non
2446 2030 2817 2109 repugnem

689 2155 916 2237 aegris
952 2153 1170 2224 oculis
1210 2152 1627 2233 locupletum
1670 2151 1916 2216 civium
1971 2153 2315 2215 catervam
2360 2155 2491 2215 non
2520 2151 2824 2231 insequi-

690 2285 831 2356 tur3
871 2282 1121 2345 terram
1187 2293 1352 2342 vero
1398 2278 1718 2342 intuetur.
1774 2273 1971 2340 Miles
2021 2276 2278 2356 pariter
2339 2278 2495 2341 sunt
2533 2242 2823 2341 'bubulci

691 2403 1167 2486 cogitationes.
1215 2400 1514 2468 Somniat
1549 2402 2016 2466 somniantem·
2045 2404 2370 2481 spectans
2398 2407 2700 2476 vaccam.
2740 2396 2819 2464 In

691 2538 1001 2597 versura
1030 2527 1250 2592 dextri
1291 2523 1574 2607 parietis
1612 2526 1886 2609 Juvenis
1933 2528 2172 2607 pastor
2208 2526 2425 2607 magis
2459 2525 2821 2608 impatiens

689 2653 906 2718 sortis
939 2668 1101 2717 suae
1133 2652 1424 2716 videtur.
1465 2650 1765 2716 Amantis
1791 2650 2059 2732 puellae
2088 2650 2611 2732 divitiarumque
2643 2650 2827 2716 desi-

695 2776 891 2843 derio
922 2775 1245 2842 afflictum
1302 2774 1490 2841 canis
1534 2775 1913 2858 interrogat
1960 2790 2081 2839 cur
2130 2780 2263 2840 tam
2309 2774 2422 2840 diu
2458 2774 2824 2839 immobilis

683 2905 986 2968 maneat.
1026 2900 1206 2971 Infra
1241 2912 1395 2968 eum
1425 2900 1906 2966 asinariusest
1935 2900 2130 2964 asino
2163 2906 2288 2966 suo
2327 2900 2440 2967 vix
2473 2898 2820 2965 solertior.

690 3026 827 3099 Sed
859 3031 1141 3108 uterque
1172 3028 1321 3108 pari
1352 3027 1562 3091 utitur
1588 3025 1936 3106 patientia.
2621 3032 2626 3035 ·

688 3202 711 3210 ..
787 3152 1097 3242 Plerique
1123 3152 1187 3214 in
1213 3152 1348 3215 illis
1375 3151 1663 3232 picturis
1696 3150 1899 3215 vitam
1931 3150 2221 3216 libenter
2251 3167 2456 3233 agere
2486 3149 2824 3227 videntur,

700 3292 834 3349 nec⁴
884 3275 1056 3357 ipsis
1118 3275 1512 3355 pastoribus
1567 3275 1632 3337 in
1692 3274 1913 3339 animo
1964 3276 2072 3338 est
2137 3272 2446 3338 Fratrum
2494 3273 2829 3338 'minorum

691 3400 997 3474 ,tunicam
1026 3397 1326 3464 induere.
1376 3397 1584 3473 Quem
1619 3413 1780 3462 vero
1822 3398 1930 3462 hic
1961 3395 2430 3464 beatissimum
2475 3396 2829 3464 videmus?

702 3524 1095 3605 Imperator
1123 3521 1432 3603 profecto
1477 3539 1612 3587 non
1670 3526 1812 3601 est3
1856 3521 2191 3589 sollicitus
2246 3528 2488 3589 contra
2537 3522 2828 3589 videtur.

696 3648 1319 3728 Laurentiuspuer
1372 3663 1631 3713 corona
1669 3648 2090 3730 pulchraque
2144 3649 2396 3732 gaudet
2448 3651 2669 3725 veste,
2710 3648 2834 3713 sed

705 3791 863 3849 mox
903 3773 1082 3837 nimii
1120 3772 1344 3843 taedio
1381 3773 1682 3839 honores
1717 3778 1941 3838 erunt.
1989 3773 2252 3840 Felices
2292 3773 2356 3836 in
2396 3772 2633 3855 primis
2680 3776 2839 3838 sunt

702 3899 886 3981 pagii
927 3896 1130 3977 lepidi
1158 3900 1226 3962 et
1258 3897 1522 3978 puellae
1553 3897 1920 3964 formosae.
1964 3898 2329 3964 Doctorum
2359 3915 2534 3964 ⁴vero
2559 3896 2639 3964 ‘ct
2673 3894 2834 3962 arti-

698 4021 907 4095 ficum
945 4022 1132 4087 visus
1160 4020 1454 4091 studium
1487 4022 1728 4104 iugens
1767 4022 2067 4088 indicant
2105 4023 2629 4105 pulchritudinis
2661 4020 2836 4103 quae

706 4165 881 4229 ,pura
908 4148 1260 4228 voluptate
1286 4147 1594 4213 valentes
1622 4148 1873 4213 mulcet
1904 4148 2189 4214 animos.
2741 4141 2748 4146 ’
