3173 5096
1103 559 1129 583 ,
1229 494 1582 556 ——13—

343 660 549 725 Marci
588 664 867 729 matrem
911 660 1157 727 Christi
1208 679 1357 727 cum
1407 663 1633 727 multis
1691 665 1947 728 sanctis
1998 664 2303 745 depinxit
2350 664 2469 751 (1).

336 785 553 865 Hujus
594 787 854 852 aliusve
904 787 1174 872 tabulae
1219 803 1381 868 pars
1431 786 1715 853 inferior
1759 786 1853 874 (2)
1900 792 2178 855 sanctae
2235 789 2478 858 Cathe-

326 886 528 977 'rinae
585 928 786 976 sacra
846 911 1173 993 nuptialia
1230 913 1527 993 exponit.
1578 914 1780 980 Jesus
1838 913 2062 981 infans
2125 921 2477 997 materque

342 1035 495 1116 ipsa
548 1036 862 1102 misereri
918 1036 1317 1106 catherinae
1368 1042 1436 1105 et
1503 1041 1704 1118 quasi
1765 1039 2081 1105 deridere
2136 1038 2472 1105 videntur.

344 1158 565 1242 Digito
626 1165 906 1228 sanctae
958 1163 1201 1230 dextra
1252 1166 1515 1246 parvuli
1567 1166 1887 1231 annulum
1936 1167 2175 1245 aptare
2234 1167 2476 1243 tentat,

345 1285 459 1364 qui
521 1302 737 1367 usque
784 1287 866 1353 ad
936 1307 1228 1372 unguem
1290 1295 1544 1355 tantum
1620 1291 1964 1372 pervenit3
2023 1288 2246 1354 intans
2289 1306 2478 1356 ¹vero

346 1426 497 1474 cum
534 1427 575 1475 a
613 1416 826 1483 matre
873 1417 1208 1491 teneatur,
1254 1418 1540 1497 propius
1592 1416 1982 1481 incumbere
2029 1430 2160 1479 non
2202 1418 2475 1496 potest;

348 1536 449 1600 sic
524 1553 811 1604 neeesse
877 1540 1007 1605 erit
1069 1538 1496 1606 Camerinam
1563 1540 1911 1624 progredi,
1986 1539 2166 1621 quod
2240 1555 2478 1622 parum

347 1668 600 1742 cupere
644 1664 934 1742 videtur,
969 1671 1037 1730 et
1062 1638 1205 1731 oris
1235 1667 1507 1732 babitus
1540 1670 1876 1732 moestum
1910 1668 2479 1745 cunctantemque

348 1789 642 1853 animum
674 1788 948 1854 indicat.
1050 1848 1053 1852 ,

439 1912 671 1978 Puella
709 1929 910 1992 quam
955 1913 1277 1980 Benotius
1337 1932 1621 1980 uxorem
1682 1915 1872 1981 duxit
1938 1931 2070 1980 non
2137 1930 2351 1995 usque
2396 1908 2477 1977 ad

353 2041 647 2103 aetatem
703 2037 1103 2105 Catbcrinae
1169 2044 1653 2121 expectaverat
1724 2044 1792 2106 ut
1853 2040 2165 2104 nuberet.
2231 2037 2484 2120 Viginti

351 2163 547 2227 annis
585 2163 802 2230 minor
839 2169 999 2229 natu
1055 2169 1203 2229 crat
1241 2165 1372 2247 ipsi
1428 2164 1713 2231 Benotio
1764 2165 1872 2229 cui
1913 2168 2176 2243 septem
2225 2162 2483 2227 liberos

330 2270 643 2370 peperit,
697 2306 872 2371 quos
926 2293 998 2355 ut
1073 2290 1401 2357 educaret
1472 2291 1697 2372 pictor
1754 2288 2034 2354 assidue
2096 2287 2476 2363 laborabat,

353 2411 527 2488 Quot
579 2419 648 2480 et
688 2418 940 2496 quanta
998 2416 1310 2497 exempla
1373 2431 1657 2498 magnae
1706 2416 2046 2497 pictorum
2102 2411 2484 2478 industriae
2537 2459 2545 2469 ,

353 2543 507 2606 ante
562 2542 807 2607 oculos
850 2540 1200 2621 proposita
1267 2539 1596 2607 babebat!
1643 2539 1796 2606 lotti
1841 2537 2124 2622 ejusque
2183 2536 2487 2618 discipu-

354 2666 575 2731 lorum
612 2683 788 2748 opus
830 2667 1050 2732 adhuc
1086 2669 1424 2750 integrum
1458 2666 1820 2742 manebat;
1856 2635 1923 2730 in
1971 2663 2226 2729 sacello
2272 2658 2485 2726 Bran-

355 2793 546 2857 cacci
587 2791 911 2857 Benotius
960 2793 1227 2859 alacres
1277 2789 1595 2857 Masolini
1644 2788 2108 2855 Panicalensis
2149 2788 2481 2868 picturas,

362 2914 659 2982 Masacci
730 2934 893 2984 vero
975 2935 1255 2984 severas
1331 2918 1907 2997 praestantesque
1981 2911 2483 2986 admirabatur;

358 3045 516 3107 tunc
574 3042 821 3109 Paulus
893 3040 1308 3110 Uecellarius
1380 3043 1663 3107 Bibliam
1738 3040 1932 3103 novis
2006 3036 2356 3103 coloribus
2421 3034 2488 3098 in

356 3166 660 3232 claustro
721 3174 994 3235 sanctae
1044 3168 1292 3236 Mariae
1340 3173 1651 3239 novellae
1704 3172 2045 3256 fingebat3
2113 3174 2268 3236 tunc
2308 3168 2488 3234 Prati

357 3289 597 3355 Frater
635 3290 987 3374 Philippus
1041 3294 1234 3378 Lippi
1289 3296 1580 3363 Herodis
1634 3298 2018 3364 convivium
2060 3295 2490 3375 puellamque

357 3415 777 3482 saltatricem
831 3417 1266 3501 depingebat,
1326 3440 1366 3487 a
1412 3424 1552 3489 vita
1594 3424 1983 3488 recesserat
2033 3418 2314 3485 Gentilis
2368 3416 2491 3480 Fa-

358 3543 602 3621 briani,
647 3542 967 3625 vigebant
1009 3562 1173 3612 vero
1229 3547 1377 3630 eJus
1426 3549 1652 3629 pictae
1695 3547 1964 3613 tabulae
2019 3561 2191 3626 quas
2231 3542 2485 3607 Romae
2536 3537 2540 3540 ’

361 3669 684 3735 Benotius
770 3670 1091 3735 admirari
1163 3676 1504 3753 potuerat,
1572 3677 1642 3738 et
1706 3674 1857 3753 ipse
1922 3669 2178 3752 ingenti
2262 3664 2491 3769 studio

357 3798 643 3865 ardebat
683 3803 756 3865 ut
790 3803 1017 3865 tantos
1048 3800 1235 3865 viros
1260 3799 1534 3882 ingenio
1568 3797 2081 3877 assequeretur.

445 3926 635 3990 Anno
670 3920 1140 3989 MCCCCLXlll
1186 3923 1589 3990 condicione
1634 3921 1866 3986 divitis
1912 3916 2220 3983 doctoris
2265 3887 2492 3980 Domi-

361 4049 497 4114 nici
538 4046 832 4115 Strambi
875 4068 1043 4144 usus
1080 4054 1186 4117 est
1232 4053 1299 4116 et
1344 4051 1653 4114 sanctum
1702 4043 2163 4110 Geminianum
2205 4055 2280 4105 se
2326 4055 2495 4104 con-

437 4218 510 4290 (1)
537 4217 819 4273 Servatur
848 4212 908 4266 in
938 4209 1321 4283 pinacotheca
1350 4202 1725 4260 Londinensi.

443 4309 518 4378 (2)
547 4305 824 4361 Servatur
853 4302 913 4356 in
947 4318 1151 4355 museo
1186 4295 1518 4353 Florentino
1546 4293 1699 4347 dicto
1740 4291 1886 4357 deqli
1923 4291 2102 4357 Uffizi.
