3173 5096
299 656 307 665 ⁴
409 692 564 741 esse
604 673 960 758 significat,
1012 691 1161 739 cum
1197 672 1460 739 Sicbom
1505 672 1788 753 ejusque
1823 673 2244 754 propinquos
2279 673 2540 739 dolosis

408 800 669 864 artibus
720 803 987 864 utentes
1024 797 1366 863 occidunt.
1416 796 1667 863 Hemor
1709 814 1872 862 vero
1929 797 2218 863 assentit
2271 799 2385 880 qui
2428 815 2541 864 res

408 925 840 989 matrimonio
904 922 1414 1005 componendas
1486 939 1644 988 esse
1717 921 2067 988 censebat.
2156 921 2544 1004 putipharis

408 1065 691 1115 uxorem
726 1066 765 1113 a
824 1039 1116 1132 fugitivo
1144 1047 1396 1130 Josepb
1447 1064 1670 1129 poena
1724 1048 1894 1112 satis
1943 1047 2195 1113 acerba
2230 1046 2545 1113 affectam

410 1174 683 1255 pictura
709 1173 1160 1247 demonstrat,
1189 1173 1525 1254 simulque
1551 1173 1799 1237 vetulis
1828 1171 2218 1237 hominibus
2234 1171 2545 1254 juniores

411 1314 664 1363 uxores
703 1315 784 1362 ne
831 1297 1081 1363 ducant
1121 1296 1503 1362 dissuadet.
1560 1304 1563 1307 ·

506 1447 537 1480 «
595 1422 737 1487 Non
775 1419 868 1509 (1)
914 1421 1167 1487 furtum
1214 1420 1450 1488 facies.
1494 1422 1637 1487 Non
1691 1422 1996 1504 loqueris
2034 1426 2274 1488 contra
2318 1423 2547 1505 proxi-

414 1564 595 1611 mum
652 1549 840 1611 tuum
894 1544 1137 1611 falsum
1203 1546 1684 1611 testimonium.
1750 1544 1892 1610 Non
1933 1546 2386 1626 concupisces
2427 1545 2549 1611 do-

415 1688 595 1735 mum
637 1670 926 1752 proximi
969 1673 1067 1735 tui
1113 1687 1127 1733 :
1179 1686 1305 1735 nec
1371 1669 1803 1736 desiderabis
1852 1684 2135 1734 uxorem
2185 1669 2359 1752 ejuS,
2417 1687 2550 1736 non

421 1811 719 1872 servum,
783 1811 915 1859 non
980 1795 1319 1871 ancillam,
1382 1811 1514 1858 non
1582 1794 1849 1874 bovem,
1910 1812 2040 1859 non
2100 1796 2388 1871 asinum,
2425 1812 2550 1861 nec

417 1919 641 1982 omnia
698 1934 871 1998 quae
920 1917 1104 1982 illius
1155 1919 1312 1982 sunt
1357 1943 1412 1981 ».
1469 1918 1652 1995 Quae
1713 1918 1938 1983 omnia
1990 1924 2361 2001 praecepta
2408 1920 2550 1985 sine

421 2043 626 2108 dubio
685 2043 919 2108 laudat
970 2042 1319 2119 BenotiuS,
1384 2045 1452 2108 et
1505 2043 1569 2105 in
1625 2043 1803 2107 Esaii
1864 2041 2211 2124 Jacobque
2267 2034 2556 2107 historia

420 2171 672 2248 quanto
714 2167 873 2232 odio
911 2166 1092 2249 digni
1133 2167 1266 2231 sint
1300 2165 1558 2231 indicat
1597 2165 1963 2231 mendaces
2006 2170 2075 2232 et
2114 2164 2548 2232 fraudulenti.

514 2291 799 2356 Maxime
852 2308 892 2355 a
928 2295 1238 2357 veterum
1290 2290 1757 2356 Hebraeorum
1813 2292 2168 2356 sententiis
2218 2290 2553 2356 dissidere

423 2415 620 2480 nobis
660 2415 945 2481 videtur·
972 2415 1289 2481 Benotius
1330 2432 1533 2496 quum
1582 2413 1665 2479 de
1715 2414 1831 2480 Dei
1898 2414 2053 2479 idea
2091 2415 2555 2497 religioneque

424 2540 666 2623 agitur.
722 2540 1193 2622 praepotentis
1248 2537 1522 2622 quidem
1565 2538 1687 2604 sed
1738 2539 2093 2605 clementis
2134 2539 2259 2604 viri
2299 2540 2555 2605 vultum

425 2680 697 2745 semper
722 2665 1006 2745 praebet
1039 2665 1335 2730 Aeterno
1382 2664 1595 2742 Patri3
1637 2681 1770 2729 non
1806 2667 1914 2729 est
1938 2666 2049 2730 ille
2089 2664 2278 2729 dirus
2314 2664 2556 2744 impla-

425 2788 799 2868 cabilisque
860 2788 1038 2853 Deus
1103 2788 1314 2853 lsrael
1362 2790 1475 2869 qui
1515 2784 1884 2853 Sodomam
1935 2787 2224 2852 flammis
2283 2787 2555 2852 omnino

424 2913 850 2993 consumpsit
924 2917 1275 2993 totumque
1347 2910 1833 2994 Aegyptiorum
1896 2914 2268 2978 exercitum
2354 2911 2553 2976 undis

423 3037 773 3101 immersit.
837 3036 916 3101 Ut
969 3035 1108 3118 ²iam
1174 3041 1328 3102 ante
1398 3035 1718 3114 diximuS‚
1786 3040 2286 3118 praeceptum:
2336 3036 2554 3102 «Non

424 3159 637 3225 facies
707 3161 827 3224 tibi
893 3160 1207 3242 sculptile
1275 3184 1307 3217 »
1373 3163 1683 3241 tempore
1746 3158 2008 3224 Benotii
2086 3161 2168 3225 ab
2242 3160 2555 3225 omnibus

425 3284 898 3364 spernebatur,
964 3288 1032 3349 et
1091 3289 1329 3349 contra
1372 3284 1767 3350 idololatria
1805 3286 2140 3367 quaedam
2185 3286 2559 3350 christiana

423 3409 719 3491 vigebat,
742 3426 942 3490 quam
980 3426 1137 3473 mox
1168 3410 1391 3475 severi
1421 3410 1772 3475 Ecclesiae
1808 3405 2296 3475 reformatores
2326 3426 2558 3489 repre-

426 3533 705 3597 hensuri
762 3535 976 3597 erant.
1052 3532 1374 3597 Benotius
1449 3538 1637 3599 certe
1717 3537 1943 3598 tantae
2010 3532 2358 3599 severitati
2427 3550 2556 3598 non

428 3657 800 3722 annuisset.
836 3656 1223 3721 Absurdum
1244 3655 1515 3737 quidem
1541 3657 1825 3738 putabat
1854 3657 2040 3721 vituli
2070 3657 2256 3721 aurei
2278 3657 2552 3735 cultum,

430 3745 550 3846 sed
603 3782 848 3863 puellis
908 3782 1198 3846 libenter
1253 3781 1660 3865 ignoscebat
1719 3798 1892 3862 quae
1951 3781 2175 3846 vivida
2234 3779 2560 3847 florentes

430 3910 652 3971 aetate
709 3905 894 3987 Juxta
961 3905 1215 3970 idolum
1286 3908 1506 3972 laetos
1584 3905 1840 3970 ducunt
1916 3907 2192 3971 choros
2253 3904 2561 3990 Magnam

432 4030 608 4095 enim
644 4031 991 4096 lenitatem
1036 4030 1227 4095 duris
1270 4030 1523 4114 Moysis
1564 4031 1830 4113 legibus
1864 4030 2115 4097 addere
2156 4032 2556 4109 conabatur,

508 4294 583 4367 (l)
617 4297 774 4350 Liber
806 4296 1004 4363 Eoeodi,
1028 4299 1202 4367 caput
1233 4314 1320 4364 xx,
1353 4300 1435 4366 15,
1472 4299 1556 4362 16,
1590 4300 1671 4351 17.
