3173 5096
1300 525 1652 588 -23-

500 697 567 761 ln
608 698 848 764 dextra
886 702 1079 779 parte
1109 695 1381 762 tabulae
1414 695 1822 762 Franciscus
1851 695 2143 763 Montem
2175 698 2535 764 Falconem

409 824 772 890 benedicit.
805 823 1063 890 Parvae
1106 822 1397 889 civitatis
1438 820 1647 887 aedes
1684 822 2121 905 agnoscimus
2161 825 2232 889 et
2270 828 2534 890 montes

405 951 520 1031 qui
557 947 1061 1030 inter0Spellum
1101 950 1169 1012 et
1200 945 1503 1012 Asinium
1535 946 1995 1031 porriguntur.

494 1073 932 1139 Franciscum
991 1072 1083 1137 in,
1112 1073 1358 1137 octava
1412 1071 1644 1136 tabula
1707 1074 2109 1139 coenantem
2172 1070 2396 1139 Gelani
2461 1075 2530 1139 in

401 1197 605 1263 domo
652 1196 883 1262 militis
925 1194 1279 1272 videmus;
1319 1210 1472 1260 cum
1507 1211 1676 1261 vero
1730 1194 1815 1261 ad
1855 1211 2161 1262 mensam
2203 1196 2533 1263 accedunt
2591 1214 2604 1223 ·

397 1337 677 1405 gravem
717 1320 1024 1386 nuntium
1077 1322 1358 1384 sanctus
1395 1319 1501 1386 vir
1547 1318 1748 1386 affert
1800 1319 2053 1387 infelici
2098 1338 2113 1384 :
2161 1345 2193 1379 «
2224 1321 2398 1389 Ecce
2432 1317 2527 1407 (1)

396 1443 610 1512 frater
675 1447 987 1527 hospes,v
1029 1444 1183 1529 tuisw
1232 1443 1458 1511 victus
1524 1444 1846 1527 precibus
1912 1449 1987 1512 ut
2049 1446 2530 1513 manducarem

391 1546 672 1635 domum
707 1573 891 1637 tuam
918 1570 1187 1638 intravi.
1225 1568 1395 1637 Meis
1427 1585 1606 1635 nunc
1636 1568 1772 1635 cito
1802 1570 2075 1657 monitis
2112 1572 2478 1654 acquiesce
2510 1589 2528 1639 :

389 1695 711 1777 quoniam
757 1700 893 1761 non
941 1695 1050 1762 hic
1105 1695 1226 1762 sed
1275 1695 1438 1760 alibi
1494 1693 1939 1762 manducabis
1982 1721 2042 1759 ».
2096 1695 2522 1763 miserandus

388 1820 584 1887 miles
642 1837 819 1905 genu
876 1821 1074 1886 nixus
1122 1823 1211 1885 et
1270 1819 1480 1886 corde
1547 1819 1844 1887 obtritus
1907 1822 2141 1887 statim
2177 1820 2520 1887 Francisci

386 1946 581 2013 socio
618 1944 1002 2025 confitetur.
1046 1942 1298 2010 Deinde
1343 1942 1806 2009 tristissimam
1847 1961 1991 2011 rem
2034 1944 2344 2010 videmus
2384 1961 2519 2011 non

385 2086 425 2135 a
457 2069 937 2137 Bonaventura
979 2067 1101 2136 sed
1140 2067 1226 2132 ab
1273 2068 1427 2150 ipso
1475 2067 1760 2134 Benotio
1796 2069 2274 2152 excogitatam.
2316 2067 2519 2135 Sedet

382 2194 831 2287 moribundus
867 2191 1009 2277 jam
1049 2192 1372 2259 demissis
1408 2191 1739 2258 brachiis,
1781 2190 2027 2259 Adhuc
2075 2193 2296 2275 aperti
2332 2195 2514 2277 oculi

381 2318 603 2385 dulcis
665 2289 1080 2386 desiderium
1145 2316 1323 2385 vitae
1365 2316 1749 2396 declarant;
1817 2333 1972 2383 eum
2019 2317 2515 2400 ploransuxor

381 2444 695 2525 sustinet,
736 2444 894 2510 dum
930 2444 1269 2510 sollicitus
1308 2441 1561 2509 filiolus
1616 2441 1701 2509 ad
1735 2441 1950 2524 patris
1986 2443 2515 2525 collumparvu-

375 2569 480 2636 las
517 2569 733 2636 tendit
763 2587 1046 2636 manus.
1098 2570 1262 2636 Post
1300 2569 1429 2636 bos
1474 2567 1650 2634 duae
1694 2567 1944 2634 adsunt
1981 2569 2304 2636 mulieres
2333 2587 2508 2653 quae

376 2710 622 2778 magna
652 2695 1246 2761 commiseratione
1287 2697 1670 2761 moventur.

463 2817 859 2885 Miraculum
903 2818 970 2883 in
1014 2819 1247 2884 tabula
1292 2834 1473 2884 nona
1523 2818 1845 2898 cernitur,
1893 2834 2047 2882 nam
2099 2818 2275 2901 apud
2336 2816 2506 2885 Cas-

371 2945 547 3008 trum
584 2941 806 3009 Grecii
847 2959 999 3008 cum
1042 2942 1109 3005 in
1152 2942 1550 3008 memoriam
1598 2937 2257 3008 nativitatisChristi
2291 2943 2508 3009 missa

374 3067 864 3146 celebraretur,
900 3061 1154 3149 aliquis
1201 3082 1438 3133 eorum
1487 3066 1601 3147 qui
1647 3065 1929 3132 aderant
1968 3065 2207 3132 vidit«
2256 3082 2507 3150 pueru-

369 3190 507 3257 lum
555 3188 648 3278 (2)
712 3191 1072 3273 quemdam
1139 3189 1333 3256 valde
1408 3188 1784 3255 formosum
1848 3190 1913 3254 in
1980 3190 2092 3256 illo
2134 3192 2499 3275 praesepio

367 3315 866 3381 dormientem:
914 3332 1115 3398 quem
1163 3316 1408 3381 beatus
1465 3314 1877 3380 Franciscus
1931 3314 2264 3383 ambobus
2318 3333 2501 3382 com-

371 3440 657 3522 plexans
709 3439 1010 3505 brachiis
1050 3440 1353 3506 excitare
1382 3439 1759 3505 -videbatur
1790 3454 1830 3503 a
1878 3456 2120 3505 somno
2167 3465 2227 3505 ».
2277 3440 2495 3507 Beno-

367 3565 505 3645 tius
538 3566 851 3630 sanctum
873 3564 1093 3629 virum
1127 3562 1316 3628 finxit
1342 3563 1454 3645 qui
1485 3579 1777 3645 puerum
1803 3563 1870 3626 in
1902 3563 2163 3646 gremio
2201 3566 2388 3630 tenet
2427 3568 2496 3639 et

366 3689 760 3754 osculatur:
791 3687 968 3754 alius
1000 3703 1173 3770 puer
1202 3704 1366 3754 vero
1402 3688 1600 3769 quasi
1636 3688 2004 3753 exterritus
2043 3687 2374 3756 miraculo
2406 3689 2496 3756 ad

365 3815 652 3880 matrem
688 3810 864 3897 fugit
897 3812 1135 3878 alienis
1175 3812 1708 3894 cogitationibus
1744 3811 2169 3878 distractam.

455 3937 756 4003 Tabulae
828 3937 1135 4004 decimae
1212 3938 1386 4003 haec
1452 3937 1592 4003 est‘
1630 3936 1988 4019 inscriptio
2052 3955 2068 4002 :
2130 3960 2163 3998 «
2217 3937 2491 4015 Quando

363 4061 699 4128 Soldanus
728 4063 912 4128 misit
949 4077 1149 4128 unam
1182 4062 1477 4144 puellam
1508 4063 1594 4129 ad
1629 4062 2021 4130 tentandum
2048 4041 2483 4132 Franciscum

434 4238 506 4311 (l)
547 4238 795 4307 Leqenda
825 4238 883 4293 S.
922 4241 1216 4307 Francisci,
1244 4242 1419 4312 caput
1447 4258 1521 4295 xi.

435 4327 506 4399 (2)
543 4328 790 4396 Leqenda
821 4330 878 4383 S.
913 4329 1208 4397 Francisce‘,
1238 4344 1296 4383 ca
1309 4331 1412 4402 put
1437 4346 1487 4384 x.
