3173 5096
1436 545 1871 611 .—70—

630 719 862 786 Ruben
892 724 965 785 ut
996 722 1218 801 ipsum
1249 737 1520 786 servum
1556 736 1681 800 pro
1719 718 2059 801 Benjamin
2092 719 2406 800 accipiat.
2432 742 2463 776 «
2496 717 2641 782 Non
2666 714 2757 803 (1)

629 861 704 909 se
744 848 1016 926 poterat
1073 846 1249 910 ultra
1288 844 1613 911 cohibere
1649 843 1902 925 Joseph
1940 868 1971 901 »
2006 843 2120 924 qui
2162 859 2432 908 manum
2468 842 2551 907 ad
2589 842 2761 908 udos

629 968 761 1034 fert
804 971 1067 1034 oculos,

722 1094 1089 1159 Historiam
1142 1095 1325 1158 illam
1372 1093 1801 1160 adamavisse
1840 1093 2111 1159 videtur
2148 1093 2491 1172 Benotius,
2534 1092 2761 1174 ibique

632 1235 878 1285 nomen
917 1236 1114 1283 suum
1152 1219 1677 1301 consignaverat
1706 1219 1772 1282 in
1810 1217 2074 1283 disticis
2118 1233 2294 1299 quos
2333 1233 2543 1298 supra
2577 1220 2762 1282 retu-

628 1345 829 1409 limus
870 1361 886 1407 :

1129 1538 1277 1601 Quid
1305 1545 1516 1609 spectas
1550 1541 1826 1593 volucres..
1840 1580 1850 1591 .
1864 1580 1898 1593 ..

635 1737 898 1786 necnon
956 1717 1253 1802 effigiem
1307 1736 1498 1784 suam
1559 1720 1739 1785 inter
1795 1719 2037 1785 doctos
2089 1720 2278 1786 viros
2333 1720 2764 1801 artificesque

635 1846 948 1927 pinxerat
1023 1844 1139 1925 qui
1191 1846 1344 1908 ante
1400 1843 1776 1908 Pharaonis
1840 1843 2048 1911 aedes
2119 1844 2576 1911 deambulant.
2646 1844 2764 1910 Hic

633 1972 836 2037 etiam
895 1969 1210 2051 corporis
1255 1967 1529 2033 habitus
1572 1969 1844 2052 impigri
1888 1971 2182 2037 hominis
2211 1974 2320 2037 est
2362 1973 2475 2052 qui
2511 1975 2650 2036 tum
2682 1988 2766 2035 ex

633 2095 987 2161 laboribus
1046 2093 1238 2158 brevi
1309 2092 1535 2174 quiete
1610 2090 1933 2158 reficitur.
2003 2092 2281 2157 Vicinus
2360 2091 2765 2159 adolescens

637 2219 910 2301 adJutor
947 2223 1056 2286 est
1101 2222 1214 2304 qui
1265 2238 1419 2287 eum
1463 2220 1677 2303 digito
1713 2223 1786 2285 ut
1811 2215 2106 2300 ingentis
2147 2216 2377 2298 operis
2418 2197 2767 2281 auctorem

642 2344 956 2428 designat
989 2350 1058 2410 et
1085 2344 1316 2411 dicere
1352 2345 1666 2410 videtur:
1703 2368 1733 2400 «
1768 2342 1887 2408 Hic
1914 2345 2108 2409 est».

731 2467 801 2531 ln
856 2469 1089 2534 tabula
1147 2469 1412 2535 decima
1462 2473 1658 2534 sexta
1711 2464 1803 2555 (2)
1857 2467 2091 2550 incipit
2153 2467 2443 2532 historia
2489 2464 2766 2548 Moysis.

639 2594 805 2660 Novi
846 2595 1222 2660 Pharaonis
1261 2593 1470 2660 aedes
1500 2594 1809 2661 videmus
1854 2610 2024 2675 quas
2056 2593 2379 2659 Benotius
2424 2592 2505 2657 ad
2539 2592 2771 2657 simili-

639 2719 941 2785 tudinem
978 2719 1194 2801 pinxit
1227 2719 1473 2784 domus
1502 2736 1705 2800 quam
1737 2717 2035 2784 Medices
2067 2717 2241 2782 Pisis
2277 2717 2765 2782 inhabitabant.

640 2845 906 2909 Pharao
953 2843 1250 2925 lepidum
1306 2843 1661 2925 parvulum
1709 2841 2007 2925 Moysem
2059 2858 2259 2924 quem
2291 2854 2492 2906 soror
2537 2843 2771 2906 osten-

643 2968 948 3033 tentabat
989 2969 1169 3034 collo
1204 2985 1328 3033 suo
1364 2967 1704 3047 admovet,
1732 2972 1799 3033 at
1828 2969 1938 3034 ille
1980 2967 2368 3049 impositam
2401 2964 2772 3031 Pharaonis

646 3093 853 3174 capiti
904 3108 1227 3158 coronam
1261 3096 1499 3158 tenera
1545 3110 1746 3158 manu
1779 3094 2067 3175 corripit
2101 3097 2168 3160 et
2212 3092 2453 3158 ludens
2490 3093 2552 3155 in
2590 3091 2776 3176 pavi-

648 3219 945 3282 mentum
1008 3215 1239 3299 abjicit
1287 3217 1401 3282 ubi
1455 3217 1853 3300 dissipatur.
1923 3218 2113 3296 Quod
2182 3218 2523 3285 funestum
2575 3233 2773 3284 omen

648 3342 925 3408 solliciti
956 3341 1390 3407 considerant
1431 3341 1886 3426 conjectores.
1933 3343 2181 3410 Deinde
2223 3341 2592 3408 candentes
2633 3358 2777 3406 car-

648 3463 866 3561 bones
917 3468 980 3529 in
1019 3467 1248 3547 patina
1290 3484 1329 3530 a
1363 3468 1565 3550 pagio
1595 3469 1866 3534 oblatos
1899 3486 2094 3533 manu
2138 3467 2496 3550 prehendit
2531 3483 2779 3548 parvu-

723 3642 796 3712 (1)
826 3642 988 3696 Liber
1014 3641 1254 3709 GenesiS‚
1282 3644 1458 3714 caput
1485 3659 1590 3709 xm,
1622 3645 1712 3711 41,
1741 3646 1829 3697 42.

725 3732 798 3801 (2)
831 3730 1020 3803 Hujus
1056 3728 1294 3785 tabulae
1332 3731 1479 3786 haec
1505 3735 1593 3816 est
1621 3731 1923 3804 inscriptio
1952 3749 1964 3786 :
2000 3732 2153 3788 Come
2189 3736 2434 3786 Faraone
2471 3731 2695 3785 avendo·
2721 3735 2780 3784 in

654 3820 870 3873 braccia
909 3822 1092 3888 Moyse
1135 3821 1354 3874 essendo
1384 3822 1595 3890 piccolo
1625 3823 1902 3888 fanciullo
1940 3823 2021 3889 qli
2052 3823 2191 3890 picto
2227 3825 2286 3875 in
2323 3828 2471 3875 terra
2500 3822 2555 3874 la
2579 3836 2782 3875 corona

656 3909 746 3961 del
779 3924 911 3978 capo
942 3924 968 3962 e
1004 3910 1261 3979 ruppela.
1289 3910 1538 3964 Faraone
1561 3928 1616 3964 se
1642 3927 1708 3964 ne
1734 3914 1979 3993 costritco
2009 3928 2036 3965 e
2059 3915 2238 3979 fecero
2263 3913 2446 3966 venire
2474 3910 2563 3964 del
2591 3913 2775 3976 fuoco,

657 3999 838 4064 Moyse
864 4014 1024 4066 prese
1063 4015 1135 4051 un
1176 3999 1406 4052 carbone
1450 4001 1508 4053 di
1547 4002 1712 4066 fuoco
1752 4017 1776 4053 e
1806 4001 2072 4084 misseselo
2114 4003 2173 4054 in
2205 4001 2373 4054 bocha
2403 4017 2429 4053 e
2463 4016 2566 4068 per
2592 4004 2779 4067 questo

657 4091 774 4139 atto
803 4102 912 4139 non
941 4086 1129 4140 dubito
1165 4089 1286 4156 pist.
1322 4090 1535 4142 Venuto
1566 4091 1745 4157 Moyse
1780 4091 1839 4143 in
1879 4094 1966 4144 κτὰ
1990 4092 2230 4158 perfetta
2259 4090 2414 4145 Iddio
2446 4090 2495 4142 lo
2520 4087 2718 4143 mando
2748 4105 2782 4141 a

658 4177 781 4229 dire
817 4191 849 4227 α
886 4177 1127 4228 Faraone
1165 4178 1258 4230 che
1289 4177 1536 4230 lasciasse
1560 4178 1603 4230 il
1631 4195 1727 4231 suo
1751 4181 1973 4247 popol0.
2002 4180 2250 4233 Fumone
2277 4196 2383 4233 non
2415 4179 2494 4247 qli
2524 4179 2779 4232 credetce.

659 4268 835 4332 Moyse
867 4267 982 4331 fece
1009 4265 1160 4318 molti
1192 4266 1453 4320 miracoli.
1485 4269 1584 4320 Fra
1614 4270 1632 4320 i
1659 4271 1811 4336 quali
1835 4285 1946 4322 una
1969 4284 2153 4322 mazza
2179 4269 2462 4323 direntare
2484 4283 2558 4322 un
2585 4267 2782 4335 drayo.
