<?xml version="1.0" encoding="UTF-8"?>
<!DOCTYPE html PUBLIC "-//W3C//DTD XHTML 1.0 Transitional//EN"
    "http://www.w3.org/TR/xhtml1/DTD/xhtml1-transitional.dtd">
<html xmlns="http://www.w3.org/1999/xhtml" xml:lang="en" lang="en">
 <head>
  <title>
</title>
<meta http-equiv="Content-Type" content="text/html;charset=utf-8" />
  <meta name='ocr-system' content='tesseract 3.04.00' />
  <meta name='ocr-capabilities' content='ocr_page ocr_carea ocr_par ocr_line ocrx_word'/>
</head>
<body>
  <div class='ocr_page' id='page_1' title='image "./deideafelicitat01menggoog_0066.png"; bbox 0 0 3173 5096; ppageno 0'>
   <div class='ocr_carea' id='block_1_1' title="bbox 1513 482 1867 546">
    <p class='ocr_par' dir='ltr' id='par_1_1' title="bbox 1513 482 1867 546">
     <span class='ocr_line' id='line_1_1' title="bbox 1513 482 1867 546; baseline -0.006 -16"><span class='ocrx_word' id='word_1_1' title='bbox 1513 482 1867 546; x_wconf 70' lang='lat'>-55-</span> 
     </span>
    </p>
   </div>
   <div class='ocr_carea' id='block_1_2' title="bbox 622 649 2842 4098">
    <p class='ocr_par' dir='ltr' id='par_1_2' title="bbox 622 649 2759 865">
     <span class='ocr_line' id='line_1_2' title="bbox 628 649 2759 737; baseline -0.004 -14"><span class='ocrx_word' id='word_1_2' title='bbox 628 661 990 723; x_wconf 88' lang='lat' dir='ltr'><strong>tenentem.</strong></span> <span class='ocrx_word' id='word_1_3' title='bbox 1026 656 1223 721; x_wconf 88' lang='lat' dir='ltr'><strong>Ruris</strong></span> <span class='ocrx_word' id='word_1_4' title='bbox 1256 654 1626 737; x_wconf 88' lang='lat' dir='ltr'><strong>adspectus</strong></span> <span class='ocrx_word' id='word_1_5' title='bbox 1667 669 1996 719; x_wconf 88' lang='lat' dir='ltr'><strong>amoenus</strong></span> <span class='ocrx_word' id='word_1_6' title='bbox 2036 652 2381 718; x_wconf 86' lang='lat' dir='ltr'><strong>hominum</strong></span> <span class='ocrx_word' id='word_1_7' title='bbox 2421 649 2759 717; x_wconf 85' lang='lat' dir='ltr'><strong>feritatem</strong></span> 
     </span>
     <span class='ocr_line' id='line_1_3' title="bbox 622 779 1288 865; baseline -0.006 -19"><span class='ocrx_word' id='word_1_8' title='bbox 622 782 896 865; x_wconf 72' lang='lat' dir='ltr'><strong>jamjam</strong></span> <span class='ocrx_word' id='word_1_9' title='bbox 934 779 1288 863; x_wconf 80' lang='lat' dir='ltr'><strong>mitigabit.</strong></span> 
     </span>
    </p>

    <p class='ocr_par' dir='ltr' id='par_1_3' title="bbox 634 897 2771 1855">
     <span class='ocr_line' id='line_1_4' title="bbox 720 897 2761 985; baseline -0.002 -18"><span class='ocrx_word' id='word_1_10' title='bbox 720 904 792 968; x_wconf 90' lang='lat' dir='ltr'><strong>ln</strong></span> <span class='ocrx_word' id='word_1_11' title='bbox 857 903 1089 969; x_wconf 84' lang='lat' dir='ltr'><strong>tabula</strong></span> <span class='ocrx_word' id='word_1_12' title='bbox 1145 905 1378 985; x_wconf 91' lang='lat' dir='ltr'><strong>quinta</strong></span> <span class='ocrx_word' id='word_1_13' title='bbox 1441 901 1780 968; x_wconf 86' lang='lat' dir='ltr'><strong>Abraham</strong></span> <span class='ocrx_word' id='word_1_14' title='bbox 1848 901 2160 968; x_wconf 90' lang='lat' dir='ltr'><strong>videmus</strong></span> <span class='ocrx_word' id='word_1_15' title='bbox 2217 901 2331 984; x_wconf 93' lang='lat' dir='ltr'><strong>qui</strong></span> <span class='ocrx_word' id='word_1_16' title='bbox 2397 916 2482 966; x_wconf 84' lang='lat' dir='ltr'><strong>ex</strong></span> <span class='ocrx_word' id='word_1_17' title='bbox 2539 897 2761 964; x_wconf 87' lang='lat' dir='ltr'><strong>Haran</strong></span> 
     </span>
     <span class='ocr_line' id='line_1_5' title="bbox 634 1023 2763 1110; baseline -0.005 -15"><span class='ocrx_word' id='word_1_18' title='bbox 634 1027 998 1095; x_wconf 80' lang='lat' dir='ltr'><strong>discedens</strong></span> <span class='ocrx_word' id='word_1_19' title='bbox 1031 1028 1098 1091; x_wconf 92' lang='lat' dir='ltr'><strong>in</strong></span> <span class='ocrx_word' id='word_1_20' title='bbox 1148 1027 1524 1110; x_wconf 88' lang='lat' dir='ltr'><strong>Aegyptum</strong></span> <span class='ocrx_word' id='word_1_21' title='bbox 1572 1042 1729 1091; x_wconf 88' lang='lat' dir='ltr'><strong>cum</strong></span> <span class='ocrx_word' id='word_1_22' title='bbox 1777 1028 1922 1091; x_wconf 91' lang='lat' dir='ltr'><strong>tota</strong></span> <span class='ocrx_word' id='word_1_23' title='bbox 1955 1023 2209 1091; x_wconf 82' lang='lat' dir='ltr'><strong>familia</strong></span> <span class='ocrx_word' id='word_1_24' title='bbox 2249 1024 2561 1106; x_wconf 80' lang='lat' dir='ltr'><strong>equitans</strong></span> <span class='ocrx_word' id='word_1_25' title='bbox 2599 1039 2763 1088; x_wconf 92' lang='lat' dir='ltr'><strong>con-</strong></span> 
     </span>
     <span class='ocr_line' id='line_1_6' title="bbox 638 1146 2766 1237; baseline -0.003 -19"><span class='ocrx_word' id='word_1_26' title='bbox 638 1152 869 1218; x_wconf 85' lang='lat' dir='ltr'><strong>tendit.</strong></span> <span class='ocrx_word' id='word_1_27' title='bbox 912 1176 943 1210; x_wconf 87' lang='lat'>«</span> <span class='ocrx_word' id='word_1_28' title='bbox 986 1152 1298 1233; x_wconf 82' lang='lat' dir='ltr'><strong>Tulitque</strong></span> <span class='ocrx_word' id='word_1_29' title='bbox 1340 1148 1435 1237; x_wconf 78' lang='lat'><strong>(1)</strong></span> <span class='ocrx_word' id='word_1_30' title='bbox 1476 1146 1671 1214; x_wconf 86' lang='lat' dir='ltr'><strong>Sarai</strong></span> <span class='ocrx_word' id='word_1_31' title='bbox 1713 1166 1995 1216; x_wconf 86' lang='lat' dir='ltr'><strong>uxorem</strong></span> <span class='ocrx_word' id='word_1_32' title='bbox 2046 1167 2265 1225; x_wconf 87' lang='lat' dir='ltr'><strong>suam,</strong></span> <span class='ocrx_word' id='word_1_33' title='bbox 2297 1152 2367 1215; x_wconf 88' lang='lat' dir='ltr'><strong>et</strong></span> <span class='ocrx_word' id='word_1_34' title='bbox 2405 1148 2528 1215; x_wconf 89' lang='lat' dir='ltr'><strong>Lot</strong></span> <span class='ocrx_word' id='word_1_35' title='bbox 2556 1146 2766 1212; x_wconf 84' lang='lat' dir='ltr'><strong>filium</strong></span> 
     </span>
     <span class='ocr_line' id='line_1_7' title="bbox 634 1271 2770 1357; baseline -0.001 -17"><span class='ocrx_word' id='word_1_36' title='bbox 634 1275 868 1341; x_wconf 83' lang='lat' dir='ltr'><strong>fratris</strong></span> <span class='ocrx_word' id='word_1_37' title='bbox 917 1276 1046 1353; x_wconf 89' lang='lat' dir='ltr'><strong>sui,</strong></span> <span class='ocrx_word' id='word_1_38' title='bbox 1090 1275 1612 1357; x_wconf 80' lang='lat' dir='ltr'><strong>universamque</strong></span> <span class='ocrx_word' id='word_1_39' title='bbox 1671 1274 2120 1340; x_wconf 86' lang='lat' dir='ltr'><strong>substantiam</strong></span> <span class='ocrx_word' id='word_1_40' title='bbox 2174 1290 2374 1355; x_wconf 90' lang='lat' dir='ltr'><strong>quam</strong></span> <span class='ocrx_word' id='word_1_41' title='bbox 2442 1271 2770 1355; x_wconf 89' lang='lat' dir='ltr'><strong>possede-</strong></span> 
     </span>
     <span class='ocr_line' id='line_1_8' title="bbox 638 1396 2769 1482; baseline -0.002 -17"><span class='ocrx_word' id='word_1_42' title='bbox 638 1406 810 1477; x_wconf 83' lang='lat' dir='ltr'><strong>rant,</strong></span> <span class='ocrx_word' id='word_1_43' title='bbox 875 1404 944 1466; x_wconf 85' lang='lat' dir='ltr'><strong>et</strong></span> <span class='ocrx_word' id='word_1_44' title='bbox 992 1400 1252 1465; x_wconf 89' lang='lat' dir='ltr'><strong>animas</strong></span> <span class='ocrx_word' id='word_1_45' title='bbox 1306 1416 1480 1482; x_wconf 91' lang='lat' dir='ltr'><strong>quas</strong></span> <span class='ocrx_word' id='word_1_46' title='bbox 1537 1398 1846 1467; x_wconf 78' lang='lat' dir='ltr'><strong>fecerant</strong></span> <span class='ocrx_word' id='word_1_47' title='bbox 1897 1400 1962 1463; x_wconf 89' lang='lat' dir='ltr'><strong>in</strong></span> <span class='ocrx_word' id='word_1_48' title='bbox 2017 1396 2266 1465; x_wconf 87' lang='lat' dir='ltr'><strong>Haran.</strong></span> <span class='ocrx_word' id='word_1_49' title='bbox 2328 1423 2360 1456; x_wconf 92' lang='lat'>»</span> <span class='ocrx_word' id='word_1_50' title='bbox 2420 1397 2566 1462; x_wconf 73' lang='lat' dir='ltr'><strong>‚Iam</strong></span> <span class='ocrx_word' id='word_1_51' title='bbox 2619 1398 2769 1463; x_wconf 92' lang='lat' dir='ltr'><strong>lon-</strong></span> 
     </span>
     <span class='ocr_line' id='line_1_9' title="bbox 638 1522 2771 1608; baseline -0.002 -18"><span class='ocrx_word' id='word_1_52' title='bbox 638 1542 895 1608; x_wconf 89' lang='lat' dir='ltr'><strong>gaevus</strong></span> <span class='ocrx_word' id='word_1_53' title='bbox 956 1529 1024 1590; x_wconf 90' lang='lat' dir='ltr'><strong>et</strong></span> <span class='ocrx_word' id='word_1_54' title='bbox 1081 1525 1317 1590; x_wconf 90' lang='lat' dir='ltr'><strong>calvus</strong></span> <span class='ocrx_word' id='word_1_55' title='bbox 1369 1524 1735 1599; x_wconf 85' lang='lat' dir='ltr'><strong>Abrabam,</strong></span> <span class='ocrx_word' id='word_1_56' title='bbox 1794 1526 1859 1588; x_wconf 85' lang='lat' dir='ltr'><strong>at</strong></span> <span class='ocrx_word' id='word_1_57' title='bbox 1915 1540 2069 1590; x_wconf 93' lang='lat' dir='ltr'><strong>eum</strong></span> <span class='ocrx_word' id='word_1_58' title='bbox 2121 1526 2450 1590; x_wconf 86' lang='lat' dir='ltr'><strong>venustae</strong></span> <span class='ocrx_word' id='word_1_59' title='bbox 2503 1522 2771 1605; x_wconf 90' lang='lat' dir='ltr'><strong>puellae</strong></span> 
     </span>
     <span class='ocr_line' id='line_1_10' title="bbox 639 1646 2769 1729; baseline -0.004 -12"><span class='ocrx_word' id='word_1_60' title='bbox 639 1650 1071 1717; x_wconf 73' lang='lat' dir='ltr'><strong>comitantur.</strong></span> <span class='ocrx_word' id='word_1_61' title='bbox 1122 1646 1437 1715; x_wconf 87' lang='lat' dir='ltr'><strong>Sarcinas</strong></span> <span class='ocrx_word' id='word_1_62' title='bbox 1495 1649 1657 1713; x_wconf 89' lang='lat' dir='ltr'><strong>muli</strong></span> <span class='ocrx_word' id='word_1_63' title='bbox 1716 1649 2092 1729; x_wconf 82' lang='lat' dir='ltr'><strong>camelique</strong></span> <span class='ocrx_word' id='word_1_64' title='bbox 2150 1646 2408 1719; x_wconf 80' lang='lat' dir='ltr'><strong>ferunt:</strong></span> <span class='ocrx_word' id='word_1_65' title='bbox 2465 1647 2531 1710; x_wconf 88' lang='lat' dir='ltr'><strong>in</strong></span> <span class='ocrx_word' id='word_1_66' title='bbox 2592 1661 2769 1727; x_wconf 92' lang='lat' dir='ltr'><strong>equo</strong></span> 
     </span>
     <span class='ocr_line' id='line_1_11' title="bbox 642 1771 1495 1855; baseline -0.006 -15"><span class='ocrx_word' id='word_1_67' title='bbox 642 1774 890 1841; x_wconf 88' lang='lat' dir='ltr'><strong>sedens</strong></span> <span class='ocrx_word' id='word_1_68' title='bbox 927 1789 1002 1838; x_wconf 91' lang='lat' dir='ltr'><strong>se</strong></span> <span class='ocrx_word' id='word_1_69' title='bbox 1027 1771 1242 1855; x_wconf 89' lang='lat' dir='ltr'><strong>jactat</strong></span> <span class='ocrx_word' id='word_1_70' title='bbox 1277 1773 1495 1838; x_wconf 90' lang='lat' dir='ltr'><strong>simia.</strong></span> 
     </span>
    </p>

    <p class='ocr_par' dir='ltr' id='par_1_4' title="bbox 638 1896 2842 4098">
     <span class='ocr_line' id='line_1_12' title="bbox 732 1896 2772 1981; baseline 0 -21"><span class='ocrx_word' id='word_1_71' title='bbox 732 1897 801 1962; x_wconf 86' lang='lat' dir='ltr'><strong>ln</strong></span> <span class='ocrx_word' id='word_1_72' title='bbox 843 1897 1082 1963; x_wconf 85' lang='lat' dir='ltr'><strong>dextra</strong></span> <span class='ocrx_word' id='word_1_73' title='bbox 1130 1901 1325 1978; x_wconf 90' lang='lat' dir='ltr'><strong>parte</strong></span> <span class='ocrx_word' id='word_1_74' title='bbox 1369 1898 1643 1963; x_wconf 86' lang='lat' dir='ltr'><strong>tabulae</strong></span> <span class='ocrx_word' id='word_1_75' title='bbox 1694 1897 1924 1981; x_wconf 87' lang='lat' dir='ltr'><strong>jurgio</strong></span> <span class='ocrx_word' id='word_1_76' title='bbox 1983 1896 2399 1963; x_wconf 91' lang='lat' dir='ltr'><strong>contendunt</strong></span> <span class='ocrx_word' id='word_1_77' title='bbox 2454 1898 2772 1979; x_wconf 89' lang='lat' dir='ltr'><strong>pastores</strong></span> 
     </span>
     <span class='ocr_line' id='line_1_13' title="bbox 647 2022 2773 2108; baseline -0.001 -21"><span class='ocrx_word' id='word_1_78' title='bbox 647 2039 929 2108; x_wconf 84' lang='lat' dir='ltr'><strong>gregum</strong></span> <span class='ocrx_word' id='word_1_79' title='bbox 969 2022 1307 2088; x_wconf 87' lang='lat' dir='ltr'><strong>Abraham</strong></span> <span class='ocrx_word' id='word_1_80' title='bbox 1364 2027 1433 2090; x_wconf 88' lang='lat' dir='ltr'><strong>et</strong></span> <span class='ocrx_word' id='word_1_81' title='bbox 1472 2023 1629 2102; x_wconf 88' lang='lat' dir='ltr'><strong>Lot;</strong></span> <span class='ocrx_word' id='word_1_82' title='bbox 1675 2022 1817 2106; x_wconf 90' lang='lat' dir='ltr'><strong>jam</strong></span> <span class='ocrx_word' id='word_1_83' title='bbox 1861 2022 1996 2088; x_wconf 89' lang='lat' dir='ltr'><strong>duo</strong></span> <span class='ocrx_word' id='word_1_84' title='bbox 2039 2022 2325 2088; x_wconf 89' lang='lat' dir='ltr'><strong>invicem</strong></span> <span class='ocrx_word' id='word_1_85' title='bbox 2379 2023 2508 2088; x_wconf 87' lang='lat' dir='ltr'><strong>sibi</strong></span> <span class='ocrx_word' id='word_1_86' title='bbox 2545 2023 2773 2088; x_wconf 90' lang='lat' dir='ltr'><strong>crines</strong></span> 
     </span>
     <span class='ocr_line' id='line_1_14' title="bbox 638 2145 2773 2229; baseline 0 -19"><span class='ocrx_word' id='word_1_87' title='bbox 638 2148 993 2224; x_wconf 89' lang='lat' dir='ltr'><strong>lacerant;</strong></span> <span class='ocrx_word' id='word_1_88' title='bbox 1062 2152 1130 2213; x_wconf 87' lang='lat' dir='ltr'><strong>et</strong></span> <span class='ocrx_word' id='word_1_89' title='bbox 1198 2149 1311 2213; x_wconf 90' lang='lat' dir='ltr'><strong>alii</strong></span> <span class='ocrx_word' id='word_1_90' title='bbox 1372 2150 1634 2214; x_wconf 92' lang='lat' dir='ltr'><strong>clavam</strong></span> <span class='ocrx_word' id='word_1_91' title='bbox 1694 2149 2050 2213; x_wconf 88' lang='lat' dir='ltr'><strong>intentant.</strong></span> <span class='ocrx_word' id='word_1_92' title='bbox 2107 2145 2283 2212; x_wconf 89' lang='lat' dir='ltr'><strong>Oves</strong></span> <span class='ocrx_word' id='word_1_93' title='bbox 2341 2151 2409 2213; x_wconf 89' lang='lat' dir='ltr'><strong>et</strong></span> <span class='ocrx_word' id='word_1_94' title='bbox 2469 2147 2773 2229; x_wconf 87' lang='lat' dir='ltr'><strong>capellae</strong></span> 
     </span>
     <span class='ocr_line' id='line_1_15' title="bbox 640 2270 2779 2354; baseline -0.001 -17"><span class='ocrx_word' id='word_1_95' title='bbox 640 2287 984 2353; x_wconf 89' lang='lat' dir='ltr'><strong>canesque</strong></span> <span class='ocrx_word' id='word_1_96' title='bbox 1026 2273 1275 2354; x_wconf 89' lang='lat' dir='ltr'><strong>placidi</strong></span> <span class='ocrx_word' id='word_1_97' title='bbox 1324 2272 1604 2350; x_wconf 88' lang='lat' dir='ltr'><strong>adsunt;</strong></span> <span class='ocrx_word' id='word_1_98' title='bbox 1659 2272 1835 2337; x_wconf 89' lang='lat' dir='ltr'><strong>haud</strong></span> <span class='ocrx_word' id='word_1_99' title='bbox 1885 2272 2127 2353; x_wconf 90' lang='lat' dir='ltr'><strong>procul</strong></span> <span class='ocrx_word' id='word_1_100' title='bbox 2176 2272 2585 2339; x_wconf 87' lang='lat' dir='ltr'><strong>adolescens</strong></span> <span class='ocrx_word' id='word_1_101' title='bbox 2638 2270 2779 2337; x_wconf 88' lang='lat' dir='ltr'><strong>for-</strong></span> 
     </span>
     <span class='ocr_line' id='line_1_16' title="bbox 641 2394 2842 2479; baseline 0 -19"><span class='ocrx_word' id='word_1_102' title='bbox 641 2412 874 2462; x_wconf 89' lang='lat' dir='ltr'><strong>mosae</strong></span> <span class='ocrx_word' id='word_1_103' title='bbox 948 2396 1219 2479; x_wconf 91' lang='lat' dir='ltr'><strong>puellae</strong></span> <span class='ocrx_word' id='word_1_104' title='bbox 1300 2413 1602 2463; x_wconf 90' lang='lat' dir='ltr'><strong>amorem</strong></span> <span class='ocrx_word' id='word_1_105' title='bbox 1670 2412 1868 2462; x_wconf 90' lang='lat' dir='ltr'><strong>suum</strong></span> <span class='ocrx_word' id='word_1_106' title='bbox 1935 2394 2321 2475; x_wconf 83' lang='lat' dir='ltr'><strong>confitetur,</strong></span> <span class='ocrx_word' id='word_1_107' title='bbox 2393 2396 2552 2461; x_wconf 89' lang='lat' dir='ltr'><strong>dum</strong></span> <span class='ocrx_word' id='word_1_108' title='bbox 2620 2395 2779 2461; x_wconf 89' lang='lat' dir='ltr'><strong>sub·</strong></span> <span class='ocrx_word' id='word_1_109' title='bbox 2839 2416 2842 2421; x_wconf 54' lang='lat'><em>²</em></span> 
     </span>
     <span class='ocr_line' id='line_1_17' title="bbox 640 2497 2778 2604; baseline -0 -18"><span class='ocrx_word' id='word_1_110' title='bbox 640 2520 894 2587; x_wconf 89' lang='lat' dir='ltr'><strong>missus</strong></span> <span class='ocrx_word' id='word_1_111' title='bbox 945 2521 1232 2604; x_wconf 84' lang='lat' dir='ltr'><strong>genibus</strong></span> <span class='ocrx_word' id='word_1_112' title='bbox 1282 2521 1624 2588; x_wconf 86' lang='lat' dir='ltr'><strong>Abraham</strong></span> <span class='ocrx_word' id='word_1_113' title='bbox 1677 2522 1817 2588; x_wconf 92' lang='lat' dir='ltr'><strong>Deo</strong></span> <span class='ocrx_word' id='word_1_114' title='bbox 1868 2497 2168 2589; x_wconf 86' lang='lat' dir='ltr'><strong>monenti</strong></span> <span class='ocrx_word' id='word_1_115' title='bbox 2220 2526 2434 2589; x_wconf 90' lang='lat' dir='ltr'><strong>totum</strong></span> <span class='ocrx_word' id='word_1_116' title='bbox 2483 2522 2778 2588; x_wconf 91' lang='lat' dir='ltr'><strong>animum</strong></span> 
     </span>
     <span class='ocr_line' id='line_1_18' title="bbox 640 2644 2780 2729; baseline -0 -19"><span class='ocrx_word' id='word_1_117' title='bbox 640 2645 951 2711; x_wconf 89' lang='lat' dir='ltr'><strong>advertit.</strong></span> <span class='ocrx_word' id='word_1_118' title='bbox 994 2644 1149 2712; x_wconf 86' lang='lat' dir='ltr'><strong>Mox</strong></span> <span class='ocrx_word' id='word_1_119' title='bbox 1209 2646 1431 2712; x_wconf 88' lang='lat' dir='ltr'><strong>bonus</strong></span> <span class='ocrx_word' id='word_1_120' title='bbox 1491 2647 1888 2728; x_wconf 88' lang='lat' dir='ltr'><strong>patriarcha</strong></span> <span class='ocrx_word' id='word_1_121' title='bbox 1951 2647 2032 2712; x_wconf 90' lang='lat' dir='ltr'><strong>ad</strong></span> <span class='ocrx_word' id='word_1_122' title='bbox 2083 2647 2209 2713; x_wconf 87' lang='lat' dir='ltr'><strong>Lot</strong></span> <span class='ocrx_word' id='word_1_123' title='bbox 2267 2644 2532 2713; x_wconf 91' lang='lat' dir='ltr'><strong>accedit</strong></span> <span class='ocrx_word' id='word_1_124' title='bbox 2579 2662 2780 2729; x_wconf 90' lang='lat' dir='ltr'><strong>quem</strong></span> 
     </span>
     <span class='ocr_line' id='line_1_19' title="bbox 639 2767 2783 2856; baseline 0.001 -22"><span class='ocrx_word' id='word_1_125' title='bbox 639 2771 740 2835; x_wconf 88' lang='lat' dir='ltr'><strong>sic</strong></span> <span class='ocrx_word' id='word_1_126' title='bbox 769 2768 1016 2835; x_wconf 74' lang='lat' dir='ltr'><strong>astatur</strong></span> <span class='ocrx_word' id='word_1_127' title='bbox 1049 2787 1063 2833; x_wconf 92' lang='lat'><strong>:</strong></span> <span class='ocrx_word' id='word_1_128' title='bbox 1112 2795 1141 2827; x_wconf 90' lang='lat'>«</span> <span class='ocrx_word' id='word_1_129' title='bbox 1170 2769 1264 2836; x_wconf 92' lang='lat' dir='ltr'><strong>Ne</strong></span> <span class='ocrx_word' id='word_1_130' title='bbox 1289 2767 1386 2856; x_wconf 84' lang='lat'><strong>(2)</strong></span> <span class='ocrx_word' id='word_1_131' title='bbox 1415 2788 1677 2853; x_wconf 87' lang='lat' dir='ltr'><strong>quaeso</strong></span> <span class='ocrx_word' id='word_1_132' title='bbox 1710 2773 1800 2837; x_wconf 86' lang='lat' dir='ltr'><strong>sit</strong></span> <span class='ocrx_word' id='word_1_133' title='bbox 1826 2771 2126 2856; x_wconf 88' lang='lat' dir='ltr'><strong>jurgium</strong></span> <span class='ocrx_word' id='word_1_134' title='bbox 2166 2773 2344 2838; x_wconf 83' lang='lat' dir='ltr'><strong>inter</strong></span> <span class='ocrx_word' id='word_1_135' title='bbox 2375 2788 2480 2838; x_wconf 87' lang='lat' dir='ltr'><strong>me</strong></span> <span class='ocrx_word' id='word_1_136' title='bbox 2510 2774 2576 2838; x_wconf 88' lang='lat' dir='ltr'><strong>et</strong></span> <span class='ocrx_word' id='word_1_137' title='bbox 2602 2775 2667 2837; x_wconf 85' lang='lat' dir='ltr'><strong>te</strong></span> <span class='ocrx_word' id='word_1_138' title='bbox 2713 2774 2783 2837; x_wconf 85' lang='lat' dir='ltr'><strong>et</strong></span> 
     </span>
     <span class='ocr_line' id='line_1_20' title="bbox 643 2894 2781 2978; baseline 0 -21"><span class='ocrx_word' id='word_1_139' title='bbox 643 2894 822 2960; x_wconf 89' lang='lat' dir='ltr'><strong>inter</strong></span> <span class='ocrx_word' id='word_1_140' title='bbox 872 2897 1192 2977; x_wconf 88' lang='lat' dir='ltr'><strong>pastores</strong></span> <span class='ocrx_word' id='word_1_141' title='bbox 1255 2912 1449 2961; x_wconf 91' lang='lat' dir='ltr'><strong>meos</strong></span> <span class='ocrx_word' id='word_1_142' title='bbox 1503 2901 1572 2962; x_wconf 86' lang='lat' dir='ltr'><strong>et</strong></span> <span class='ocrx_word' id='word_1_143' title='bbox 1626 2901 1948 2978; x_wconf 89' lang='lat' dir='ltr'><strong>pastores</strong></span> <span class='ocrx_word' id='word_1_144' title='bbox 2008 2900 2163 2962; x_wconf 90' lang='lat' dir='ltr'><strong>tuos</strong></span> <span class='ocrx_word' id='word_1_145' title='bbox 2222 2914 2238 2961; x_wconf 75' lang='grc' dir='ltr'><strong><em>ε</em></strong></span> <span class='ocrx_word' id='word_1_146' title='bbox 2305 2895 2554 2961; x_wconf 86' lang='lat' dir='ltr'><strong>fratres</strong></span> <span class='ocrx_word' id='word_1_147' title='bbox 2603 2895 2781 2961; x_wconf 92' lang='lat' dir='ltr'><strong>enim</strong></span> 
     </span>
     <span class='ocr_line' id='line_1_21' title="bbox 654 3018 2784 3086; baseline -0 -3"><span class='ocrx_word' id='word_1_148' title='bbox 654 3034 911 3083; x_wconf 91' lang='lat' dir='ltr'><strong>sumus.</strong></span> <span class='ocrx_word' id='word_1_149' title='bbox 950 3018 1125 3083; x_wconf 90' lang='lat' dir='ltr'><strong>Ecce</strong></span> <span class='ocrx_word' id='word_1_150' title='bbox 1166 3019 1485 3085; x_wconf 90' lang='lat' dir='ltr'><strong>universa</strong></span> <span class='ocrx_word' id='word_1_151' title='bbox 1525 3022 1712 3085; x_wconf 89' lang='lat' dir='ltr'><strong>terra</strong></span> <span class='ocrx_word' id='word_1_152' title='bbox 1749 3037 1980 3086; x_wconf 88' lang='lat' dir='ltr'><strong>coram</strong></span> <span class='ocrx_word' id='word_1_153' title='bbox 2023 3024 2086 3086; x_wconf 87' lang='lat' dir='ltr'><strong>te</strong></span> <span class='ocrx_word' id='word_1_154' title='bbox 2124 3025 2276 3086; x_wconf 78' lang='lat' dir='ltr'><strong>est:</strong></span> <span class='ocrx_word' id='word_1_155' title='bbox 2321 3019 2568 3086; x_wconf 84' lang='lat' dir='ltr'><strong>recede</strong></span> <span class='ocrx_word' id='word_1_156' title='bbox 2607 3036 2649 3083; x_wconf 92' lang='lat' dir='ltr'><strong>a</strong></span> <span class='ocrx_word' id='word_1_157' title='bbox 2679 3034 2784 3083; x_wconf 89' lang='lat' dir='ltr'><strong>me</strong></span> 
     </span>
     <span class='ocr_line' id='line_1_22' title="bbox 655 3141 2780 3229; baseline -0 -22"><span class='ocrx_word' id='word_1_158' title='bbox 655 3141 952 3208; x_wconf 90' lang='lat' dir='ltr'><strong>obsecro</strong></span> <span class='ocrx_word' id='word_1_159' title='bbox 991 3159 1005 3205; x_wconf 91' lang='lat'>:</span> <span class='ocrx_word' id='word_1_160' title='bbox 1053 3143 1111 3207; x_wconf 90' lang='lat' dir='ltr'><strong>si</strong></span> <span class='ocrx_word' id='word_1_161' title='bbox 1157 3143 1239 3208; x_wconf 92' lang='lat' dir='ltr'><strong>ad</strong></span> <span class='ocrx_word' id='word_1_162' title='bbox 1283 3144 1631 3209; x_wconf 86' lang='lat' dir='ltr'><strong>sinistram</strong></span> <span class='ocrx_word' id='word_1_163' title='bbox 1666 3145 1854 3219; x_wconf 87' lang='lat' dir='ltr'><strong>ieris,</strong></span> <span class='ocrx_word' id='word_1_164' title='bbox 1902 3162 2031 3229; x_wconf 88' lang='lat' dir='ltr'><strong>ego</strong></span> <span class='ocrx_word' id='word_1_165' title='bbox 2082 3145 2433 3210; x_wconf 86' lang='lat' dir='ltr'><strong>dexteram</strong></span> <span class='ocrx_word' id='word_1_166' title='bbox 2473 3142 2719 3209; x_wconf 89' lang='lat' dir='ltr'><strong>tenebo</strong></span> <span class='ocrx_word' id='word_1_167' title='bbox 2766 3160 2780 3206; x_wconf 91' lang='lat'><strong>:</strong></span> 
     </span>
     <span class='ocr_line' id='line_1_23' title="bbox 644 3266 2790 3352; baseline 0 -20"><span class='ocrx_word' id='word_1_168' title='bbox 644 3266 713 3332; x_wconf 85' lang='lat' dir='ltr'><strong>-si</strong></span> <span class='ocrx_word' id='word_1_169' title='bbox 753 3270 823 3331; x_wconf 89' lang='lat' dir='ltr'><strong>tu</strong></span> <span class='ocrx_word' id='word_1_170' title='bbox 866 3266 1215 3336; x_wconf 83' lang='lat' dir='ltr'><strong>dexteram</strong></span> <span class='ocrx_word' id='word_1_171' title='bbox 1255 3268 1550 3352; x_wconf 81' lang='lat' dir='ltr'><strong>elegeris</strong></span> <span class='ocrx_word' id='word_1_172' title='bbox 1598 3285 1729 3352; x_wconf 91' lang='lat' dir='ltr'><strong>ego</strong></span> <span class='ocrx_word' id='word_1_173' title='bbox 1776 3270 1859 3334; x_wconf 90' lang='lat' dir='ltr'><strong>ad</strong></span> <span class='ocrx_word' id='word_1_174' title='bbox 1910 3270 2255 3334; x_wconf 87' lang='lat' dir='ltr'><strong>sinistram</strong></span> <span class='ocrx_word' id='word_1_175' title='bbox 2297 3285 2600 3352; x_wconf 87' lang='lat' dir='ltr'><strong>pergam.</strong></span> <span class='ocrx_word' id='word_1_176' title='bbox 2637 3267 2790 3332; x_wconf 90' lang='lat' dir='ltr'><strong>Ele-</strong></span> 
     </span>
     <span class='ocr_line' id='line_1_24' title="bbox 654 3392 2788 3477; baseline 0 -20"><span class='ocrx_word' id='word_1_177' title='bbox 654 3393 832 3457; x_wconf 89' lang='lat' dir='ltr'><strong>vatis</strong></span> <span class='ocrx_word' id='word_1_178' title='bbox 889 3393 1117 3474; x_wconf 89' lang='lat' dir='ltr'><strong>itaque</strong></span> <span class='ocrx_word' id='word_1_179' title='bbox 1169 3392 1293 3458; x_wconf 88' lang='lat' dir='ltr'><strong>Lot</strong></span> <span class='ocrx_word' id='word_1_180' title='bbox 1345 3393 1597 3470; x_wconf 82' lang='lat' dir='ltr'><strong>oculis,</strong></span> <span class='ocrx_word' id='word_1_181' title='bbox 1646 3393 1812 3459; x_wconf 91' lang='lat' dir='ltr'><strong>vidit</strong></span> <span class='ocrx_word' id='word_1_182' title='bbox 1869 3410 2137 3460; x_wconf 88' lang='lat' dir='ltr'><strong>omnem</strong></span> <span class='ocrx_word' id='word_1_183' title='bbox 2196 3395 2380 3459; x_wconf 87' lang='lat' dir='ltr'><strong>circa</strong></span> <span class='ocrx_word' id='word_1_184' title='bbox 2440 3395 2788 3477; x_wconf 88' lang='lat' dir='ltr'><strong>regionem</strong></span> 
     </span>
     <span class='ocr_line' id='line_1_25' title="bbox 653 3515 2790 3606; baseline 0.001 -26"><span class='ocrx_word' id='word_1_185' title='bbox 653 3515 969 3582; x_wconf 89' lang='lat' dir='ltr'><strong>Jordanis</strong></span> <span class='ocrx_word' id='word_1_186' title='bbox 1018 3533 1192 3598; x_wconf 88' lang='lat' dir='ltr'><strong>quae</strong></span> <span class='ocrx_word' id='word_1_187' title='bbox 1246 3517 1564 3583; x_wconf 87' lang='lat' dir='ltr'><strong>universa</strong></span> <span class='ocrx_word' id='word_1_188' title='bbox 1623 3517 2035 3606; x_wconf 85' lang='lat' dir='ltr'><strong>irrigabatur</strong></span> <span class='ocrx_word' id='word_1_189' title='bbox 2088 3521 2447 3600; x_wconf 87' lang='lat' dir='ltr'><strong>antequam</strong></span> <span class='ocrx_word' id='word_1_190' title='bbox 2504 3518 2790 3583; x_wconf 89' lang='lat' dir='ltr'><strong>subver-</strong></span> 
     </span>
     <span class='ocr_line' id='line_1_26' title="bbox 659 3639 2791 3723; baseline -0 -17"><span class='ocrx_word' id='word_1_191' title='bbox 659 3644 833 3708; x_wconf 84' lang='lat' dir='ltr'><strong>teret</strong></span> <span class='ocrx_word' id='word_1_192' title='bbox 869 3640 1194 3707; x_wconf 90' lang='lat' dir='ltr'><strong>Dominus</strong></span> <span class='ocrx_word' id='word_1_193' title='bbox 1227 3639 1590 3707; x_wconf 88' lang='lat' dir='ltr'><strong>Sodomam</strong></span> <span class='ocrx_word' id='word_1_194' title='bbox 1623 3646 1692 3709; x_wconf 88' lang='lat' dir='ltr'><strong>et</strong></span> <span class='ocrx_word' id='word_1_195' title='bbox 1727 3641 2172 3708; x_wconf 84' lang='lat' dir='ltr'><strong>Gomorrbam</strong></span> <span class='ocrx_word' id='word_1_196' title='bbox 2215 3643 2392 3707; x_wconf 88' lang='lat' dir='ltr'><strong>sicut</strong></span> <span class='ocrx_word' id='word_1_197' title='bbox 2429 3642 2791 3723; x_wconf 87' lang='lat' dir='ltr'><strong>paradisus</strong></span> 
     </span>
     <span class='ocr_line' id='line_1_27' title="bbox 646 3762 2791 3850; baseline 0.001 -22"><span class='ocrx_word' id='word_1_198' title='bbox 646 3762 919 3830; x_wconf 87' lang='lat' dir='ltr'><strong>Domini</strong></span> <span class='ocrx_word' id='word_1_199' title='bbox 971 3769 1037 3831; x_wconf 89' lang='lat' dir='ltr'><strong>et</strong></span> <span class='ocrx_word' id='word_1_200' title='bbox 1088 3765 1266 3831; x_wconf 90' lang='lat' dir='ltr'><strong>sicut</strong></span> <span class='ocrx_word' id='word_1_201' title='bbox 1311 3764 1659 3850; x_wconf 88' lang='lat' dir='ltr'><strong>Aegyptus</strong></span> <span class='ocrx_word' id='word_1_202' title='bbox 1712 3766 2138 3832; x_wconf 89' lang='lat' dir='ltr'><strong>venientibus</strong></span> <span class='ocrx_word' id='word_1_203' title='bbox 2188 3768 2252 3830; x_wconf 90' lang='lat' dir='ltr'><strong>in</strong></span> <span class='ocrx_word' id='word_1_204' title='bbox 2307 3762 2548 3849; x_wconf 87' lang='lat' dir='ltr'><strong>Segor.</strong></span> <span class='ocrx_word' id='word_1_205' title='bbox 2594 3791 2626 3824; x_wconf 91' lang='lat'>»</span> <span class='ocrx_word' id='word_1_206' title='bbox 2675 3764 2791 3832; x_wconf 89' lang='lat' dir='ltr'><strong>Ille</strong></span> 
     </span>
     <span class='ocr_line' id='line_1_28' title="bbox 657 3889 2787 3977; baseline 0 -22"><span class='ocrx_word' id='word_1_207' title='bbox 657 3890 1023 3972; x_wconf 91' lang='lat' dir='ltr'><strong>paradisus</strong></span> <span class='ocrx_word' id='word_1_208' title='bbox 1085 3890 1168 3955; x_wconf 92' lang='lat' dir='ltr'><strong>ad</strong></span> <span class='ocrx_word' id='word_1_209' title='bbox 1229 3889 1737 3958; x_wconf 88' lang='lat' dir='ltr'><strong>similitudinem</strong></span> <span class='ocrx_word' id='word_1_210' title='bbox 1802 3889 2133 3958; x_wconf 83' lang='lat' dir='ltr'><strong>Etruscae</strong></span> <span class='ocrx_word' id='word_1_211' title='bbox 2203 3896 2427 3959; x_wconf 87' lang='lat' dir='ltr'><strong>terrae</strong></span> <span class='ocrx_word' id='word_1_212' title='bbox 2494 3891 2787 3977; x_wconf 82' lang='lat' dir='ltr'><strong>fingitur.</strong></span> 
     </span>
     <span class='ocr_line' id='line_1_29' title="bbox 668 4015 2797 4098; baseline 0 -21"><span class='ocrx_word' id='word_1_213' title='bbox 668 4015 935 4081; x_wconf 88' lang='lat' dir='ltr'><strong>Palmae</strong></span> <span class='ocrx_word' id='word_1_214' title='bbox 993 4015 1263 4095; x_wconf 90' lang='lat' dir='ltr'><strong>quidem</strong></span> <span class='ocrx_word' id='word_1_215' title='bbox 1324 4032 1453 4080; x_wconf 91' lang='lat' dir='ltr'><strong>non</strong></span> <span class='ocrx_word' id='word_1_216' title='bbox 1512 4016 1758 4094; x_wconf 90' lang='lat' dir='ltr'><strong>nullae,</strong></span> <span class='ocrx_word' id='word_1_217' title='bbox 1800 4033 2207 4082; x_wconf 85' lang='lat' dir='ltr'><strong>numerosae</strong></span> <span class='ocrx_word' id='word_1_218' title='bbox 2260 4032 2424 4083; x_wconf 88' lang='lat' dir='ltr'><strong>vero</strong></span> <span class='ocrx_word' id='word_1_219' title='bbox 2483 4016 2797 4098; x_wconf 89' lang='lat' dir='ltr'><strong>cupressi</strong></span> 
     </span>
    </p>
   </div>
   <div class='ocr_carea' id='block_1_3' title="bbox 742 4189 1909 4350">
    <p class='ocr_par' dir='ltr' id='par_1_5' title="bbox 742 4189 1909 4350">
     <span class='ocr_line' id='line_1_30' title="bbox 742 4189 1678 4261; baseline 0.001 -19"><span class='ocrx_word' id='word_1_220' title='bbox 742 4189 817 4258; x_wconf 87' lang='lat'><strong>(1)</strong></span> <span class='ocrx_word' id='word_1_221' title='bbox 848 4189 1008 4243; x_wconf 80' lang='lat' dir='ltr'><strong>Liber</strong></span> <span class='ocrx_word' id='word_1_222' title='bbox 1037 4190 1274 4255; x_wconf 77' lang='lat' dir='ltr'><strong>Genesis,</strong></span> <span class='ocrx_word' id='word_1_223' title='bbox 1304 4196 1477 4261; x_wconf 86' lang='lat' dir='ltr'><strong>caput</strong></span> <span class='ocrx_word' id='word_1_224' title='bbox 1503 4208 1597 4255; x_wconf 77' lang='lat' dir='ltr'><strong>xii,</strong></span> <span class='ocrx_word' id='word_1_225' title='bbox 1625 4196 1678 4244; x_wconf 70' lang='grc' dir='ltr'><strong>ὃ.</strong></span> 
     </span>
     <span class='ocr_line' id='line_1_31' title="bbox 746 4277 1909 4350; baseline 0.006 -21"><span class='ocrx_word' id='word_1_226' title='bbox 746 4278 820 4349; x_wconf 75' lang='grc'><strong>(2)</strong></span> <span class='ocrx_word' id='word_1_227' title='bbox 859 4278 1012 4332; x_wconf 83' lang='lat' dir='ltr'><strong>Liber</strong></span> <span class='ocrx_word' id='word_1_228' title='bbox 1041 4277 1277 4346; x_wconf 81' lang='lat' dir='ltr'><strong>Genesis,</strong></span> <span class='ocrx_word' id='word_1_229' title='bbox 1310 4284 1479 4350; x_wconf 82' lang='lat' dir='ltr'><strong>caput</strong></span> <span class='ocrx_word' id='word_1_230' title='bbox 1509 4296 1624 4348; x_wconf 82' lang='lat' dir='ltr'><strong>xm,</strong></span> <span class='ocrx_word' id='word_1_231' title='bbox 1658 4284 1709 4349; x_wconf 88' lang='lat'><strong>8,</strong></span> <span class='ocrx_word' id='word_1_232' title='bbox 1740 4285 1791 4348; x_wconf 79' lang='grc'><strong>9,</strong></span> <span class='ocrx_word' id='word_1_233' title='bbox 1826 4285 1909 4337; x_wconf 78' lang='grc'><strong>10.</strong></span> 
     </span>
    </p>
   </div>
  </div>
 </body>
</html>
