3173 5096
1577 592 1803 653 —04
1855 559 1958 637 —-·

697 754 916 820 nudos
979 756 1374 839 validosque
1434 762 1626 824 artus
1676 761 1787 841 pie
1843 762 2410 842 contemplantur.
2466 759 2620 842 lpse
2687 760 2827 826 Noe

698 879 906 959 pallio
961 880 1182 946 calido
1238 885 1311 946 ut
1373 866 1607 948 senem
1672 884 1872 951 decet
1920 885 2195 950 indutus
2252 884 2452 950 adest
2504 883 2830 966 parvulae

697 1006 920 1085 neptis
969 993 1177 1088 genas
1228 993 1427 1073 manu
1482 1010 1734 1075 mulcet
1777 1014 1845 1076 et
1897 1011 2203 1091 leporem
2261 1009 2475 1075 tristis
2534 1009 2833 1075 intuetur

686 1113 898 1210 quem
931 1131 1121 1195 canis
1156 1119 1475 1198 dentibus
1507 1135 1935 1218 constringit.
1972 1133 2264 1200 Nemrod
2306 1137 2484 1200 enim
2513 1135 2654 1219 jam
2685 1151 2831 1200 cer-

701 1253 947 1332 nimuS,
988 1255 1273 1321 canibus
1328 1255 1849 1340 falconibusque
1909 1261 2208 1325 utentem
2248 1263 2322 1326 ut
2377 1277 2524 1325 mos
2564 1265 2713 1327 erat
2762 1261 2830 1324 in

700 1376 968 1443 Etruria
1009 1382 1318 1462 tempore
1368 1382 1656 1463 Benotii‚
1702 1387 1815 1465 qui
1856 1393 1926 1453 et
1965 1388 2117 1469 ipse
2166 1384 2687 1451 verisimiliter«
2727 1400 2834 1449 ro-

692 1502 945 1567 bustus
986 1527 1016 1560 »
1062 1502 1150 1589 (1)
1195 1503 1322 1571 fuit
1367 1530 1398 1563 «
1438 1511 1727 1573 venator
1762 1523 1996 1573 coram
2030 1507 2313 1573 Domino
2344 1530 2404 1567 ».

792 1625 860 1689 In
898 1628 1130 1693 tabula
1165 1631 1364 1695 tertia
1401 1630 1800 1697 aedificatur
1829 1611 2037 1697 turris
2068 1630 2298 1709 Bahel,
2335 1629 2556 1694 adhuc
2595 1645 2833 1711 parum

694 1751 860 1828 alta,
893 1753 967 1842 ει,
1008 1768 1157 1818 eam
1205 1753 1475 1821 diceres
1528 1759 1796 1837 portam
1846 1771 2003 1822 esse
2057 1769 2343 1838 magnae
2400 1753 2591 1819 urbis
2641 1752 2836 1835 quus

707 1876 914 1942 aedes
950 1865 1439 1962 columnaeque
1476 1882 1740 1945 caelum
1796 1881 2218 1963 contingunt.
2258 1876 2380 1943 Hic
2429 1875 2649 1943 Roma
2689 1874 2839 1942 Flo-

706 2001 1059 2082 rentiaque
1090 2004 1466 2069 miscentur
1496 2030 1510 2081 ;
1545 2021 1699 2070 nam
1731 2003 1939 2070 Cestii
1971 2002 2391 2086 pyramidem
2428 1999 2837 2085 conjunctim

707 2127 1146 2207 agnoscimus
1197 2131 1264 2194 et
1304 2127 1677 2195 Mediceam
1731 2129 2029 2206 domum,
2067 2128 2585 2208 columnamque
2639 2124 2841 2190 Anto-

706 2250 998 2330 nianam,
1035 2256 1104 2318 et
1161 2253 1413 2335 publici
1461 2255 1695 2335 palatii
1739 2253 2283 2318 Florentinorum
2333 2253 2539 2317 altam
2600 2251 2842 2315 turrim

707 2372 1113 2457 Adrianique
1163 2378 1409 2443 molem
1461 2377 1576 2443 ubi
1635 2377 1875 2461 ingens
1929 2378 2129 2458 pinea
2179 2393 2311 2441 nux
2362 2378 2430 2440 in
2479 2374 2649 2439 tholi
2698 2374 2841 2439 cul-

709 2501 886 2567 mine
935 2502 1336 2569 restituitur.
1394 2500 1502 2568 Sic
1555 2500 2027 2569 confusionem
2090 2502 2434 2584 expressit
2487 2499 2835 2578 BenotiUS,

711 2641 1156 2708 nomenque«
1208 2627 1556 2693 Babilonia
1606 2652 1637 2686 »
1684 2629 1752 2691 in
1798 2644 1931 2692 una
1982 2643 2068 2693 ex
2127 2626 2346 2709 portis
2402 2626 2699 2707 scripsit.
2745 2623 2847 2689 lta

711 2749 944 2817 forsan
1006 2753 1228 2833 pictor
1304 2770 1651 2819 romanam
1724 2751 2092 2832 infamiam,
2167 2755 2237 2818 ut
2316 2750 2577 2817 fecerat
2650 2751 2843 2831 prius

704 2845 1060 2956 ‘Petrarca,
1096 2874 1551 2962 significabat.
1605 2867 2137 2944 Pulcherrimam
2178 2893 2343 2942 vero
2385 2875 2623 2942 urbem
2655 2875 2843 2939 illam

711 3000 903 3066 finxit
940 3000 1264 3068 Benotius
1304 3003 1386 3068 ad
1437 3003 1889 3070 simulandum
1931 3028 1961 3060 «
2006 3002 2353 3068 civitatem
2382 2998 2461 3086 (1)
2500 3003 2568 3066 et
2606 2999 2846 3065 turrim

713 3125 908 3209 cujus
989 3127 1254 3192 culmen
1322 3129 1674 3211 pertingat
1750 3127 1833 3192 ad
1918 3128 2181 3192 caelum
2267 3150 2325 3187 ».
2409 3101 2847 3191 Conditorum

706 3250 1012 3315 nondum
1076 3267 1431 3317 sermones
1493 3251 1803 3318 confusis
1863 3253 2154 3318 vocibus
2214 3249 2593 3334 perturbati
2661 3250 2842 3324 sunt,

714 3376 886 3439 mira
938 3391 1102 3441 vero
1156 3373 1503 3459 diligentia
1551 3380 1659 3442 est
1720 3399 1735 3440 :
1793 3376 2192 3442 mortarium
2242 3373 2584 3457 subigunt,
2622 3371 2849 3437 scalas

712 3499 1092 3565 ascendunt
1131 3501 1481 3565 materiam
1513 3499 1813 3567 ferentes
1854 3519 1867 3565 ε
1924 3502 2036 3566 alii
2080 3500 2303 3577 trulla,
2336 3498 2449 3564 alii
2484 3496 2850 3580 perpendi-

717 3626 870 3692 culo
914 3629 1210 3691 utuntur.
1262 3625 1459 3691 Urbis
1498 3626 1850 3708 praecipui
1892 3625 2081 3691 cives
2121 3623 2204 3688 ad
2248 3638 2461 3704 opera
2496 3618 2853 3686 invisenda

719 3752 1202 3817 convenerunt.
1264 3749 1334 3814 ln
1395 3751 1637 3817 dextra
1703 3753 1897 3833 parte
1951 3749 2075 3815 viri
2147 3748 2231 3814 de
2288 3750 2486 3831 gente
2548 3743 2854 3811 Medicea

720 3877 852 3939 orti
903 3881 1413 3960 agnoscuntur;
1466 3877 1529 3939 in
1584 3876 1868 3940 sinistra
1921 3890 2087 3939 vero
2145 3873 2501 3938 doctorum
2556 3868 2861 3936 cernitur

718 4002 960 4064 coetus
997 4017 1011 4063 :
1055 4001 1150 4063 illi
1193 3999 1423 4065 forsan
1463 4001 1663 4082 primi
1694 4003 1852 4066 sunt
1895 4015 2184 4080 quorum
2214 3980 2483 4080 linguae
2523 3991 2855 4062 confusae

720 4126 903 4189 sunt.
958 4124 1279 4190 Benotius
1339 4129 1524 4190 certe
1574 4142 1869 4208 graecos
1922 4124 2263 4203 italosque
2317 4121 2643 4186 doctores
2707 4135 2856 4184 ser-

795 4301 870 4371 (l)
903 4301 1061 4354 Liber
1094 4301 1333 4369 Genesis,
1367 4307 1542 4373 caput
1568 4319 1618 4364 x,
1650 4305 1699 4354 9.

794 4390 868 4461 (1)
900 4390 1057 4445 Liber
1086 4392 1322 4460 GenesiS‚
1351 4394 1527 4462 caput
1553 4407 1626 4459 xi,
1663 4395 1712 4445 4.
