3173 5096
1196 1345 1769 1458 ‘PRooEMiUM

516 1905 832 1972 Porticus
868 1905 1120 1972 veteris
1170 1906 1569 1971 Pisanorum
1607 1907 2004 1971 coemeterii
2054 1906 2560 1989 philosophicis

423 2030 958 2113 cogitationibus
1002 2005 1288 2097 maxime
1319 2030 1609 2097 idoneus
1645 2030 1842 2097 locus
1874 2034 2006 2109 est,
2036 2033 2104 2096 et
2143 2026 2421 2096 dubium
2454 2035 2563 2097 est

427 2171 583 2219 num
659 2154 948 2220 Zenonis
1034 2154 1502 2220 ambulacrum
1580 2156 1871 2237 picturis
1942 2159 2259 2221 ornatum
2354 2154 2560 2222 suerit

424 2279 807 2361 aptioribus
853 2278 936 2343 ad
978 2278 1365 2344 incitandos
1403 2278 1783 2361 discipulos
1828 2283 1902 2345 ut
1940 2280 2025 2347 de
2066 2281 2202 2347 vita
2241 2283 2309 2346 et
2338 2283 2557 2348 morte

424 2403 870 2470 dissererent.
926 2403 1183 2470 Graves
1227 2403 1474 2471 suadet
1527 2420 1888 2470 sermones
1941 2405 2097 2487 ipsa
2135 2408 2557 2472 mortuorum

424 2527 691 2597 domus.
729 2526 799 2592 ln
823 2529 1055 2595 tabula
1083 2528 1353 2610 quidem
1389 2528 1637 2613 insigni
1677 2545 1856 2611 quae
1892 2529 2280 2612 triumphus
2316 2530 2558 2596 mortis

424 2654 694 2732 dicitur,
739 2655 1015 2719 immitis
1074 2632 1272 2721 adest
1324 2653 1455 2720 dea
1506 2654 1868 2735 suspensis
1914 2653 2046 2719 alis
2083 2671 2295 2735 supra
2333 2654 2561 2736 capita

415 2778 738 2859 Juvenum
785 2778 1105 2849 volitans,
1144 2781 1213 2843 et
1281 2777 1539 2843 vicinae
1601 2777 1911 2857 picturae
1970 2776 2316 2866 jndicium,
2355 2777 2555 2843 finale

421 2901 940 2983 horrendasque
962 2900 1337 2968 inferorum
1361 2917 1622 2984 poenas
1645 2901 2153 2979 demonstrant;
2178 2901 2298 2967 sed
2318 2902 2558 2985 ingens

421 3030 662 3092 contra
693 3026 920 3107 paries
953 3043 994 3091 a
1032 3024 1315 3091 Benotio
1357 3024 1622 3092 floridis
1656 3025 2004 3093 coloribus
2037 3030 2282 3095 ornata
2320 3026 2558 3091 trium-

420 3152 628 3230 phum
671 3153 851 3217 vitae
901 3150 1172 3216 videtur
1222 3151 1569 3218 exhibere.
1613 3149 1869 3218 Bonum
1919 3150 2190 3217 diceres
2230 3150 2558 3217 artificem

416 3275 641 3338 nisum
689 3273 906 3340 fuisse
963 3275 1408 3341 ut·dolorem
1468 3291 1706 3341 eorum
1764 3277 1881 3356 qui
1943 3275 2167 3341 tristia
2236 3276 2353 3339 illa
2405 3276 2559 3341 loca

416 3398 715 3462 invisunt
736 3400 1041 3464 amoenis
1065 3399 1485 3480 spectaculis
1509 3400 1854 3479 paululum
1876 3399 2136 3465 levaret
2153 3399 2556 3480 dulcemque

416 3522 483 3584 in
522 3521 746 3586 animo
784 3521 960 3586 vitae
990 3539 1291 3588 amorem
1331 3528 1665 3589 servaret.

509 3645 670 3712 Cum
703 3650 929 3710 autem
967 3645 1211 3711 leniter
1246 3648 1545 3713 arrideat
1575 3664 1812 3711 murus
1852 3648 1963 3711 ille
2004 3648 2251 3729 longus
2286 3649 2554 3712 centum

416 3788 693 3852 passuS‚
732 3770 873 3854 jam
910 3769 1201 3836 similem
1250 3772 1554 3836 invenire
1597 3789 1970 3853 possumus
2011 3771 2433 3836 alacritatem
2490 3773 2555 3837 in

416 3897 763 3976 prioribus
813 3895 1074 3962 Benotii
1114 3896 1422 3977 picturiS‚
1465 3896 1611 3962 sive
1652 3913 1805 3961 cum
1868 3894 2218 3979 Magorum
2279 3897 2555 3965 comita-

416 4023 554 4085 tum
586 4019 997 4100 Florentiae,
1030 4022 1173 4089 sive
1203 4038 1354 4087 cum
1383 4020 1518 4086 divi
1545 4019 1903 4103 Augustini
1938 4021 2295 4087 historiam
2327 4019 2554 4086 Sancti

419 4143 796 4211 Geminiani
864 4151 1288 4228 spectamuS‚
1362 4146 1469 4212 vel
1548 4146 1907 4211 historiam
1984 4145 2120 4212 divi
2207 4145 2550 4210 Francisei

418 4270 642 4336 Monte
704 4270 1018 4350 Falcone,
1078 4289 1252 4354 quae
1326 4272 1616 4353 primum
1671 4269 1891 4336 fuerat
1950 4287 2346 4355 magnorum
2404 4268 2552 4352 ejus

2204 4389 2223 4436 1
