<?xml version="1.0" encoding="UTF-8"?>
<!DOCTYPE html PUBLIC "-//W3C//DTD XHTML 1.0 Transitional//EN"
    "http://www.w3.org/TR/xhtml1/DTD/xhtml1-transitional.dtd">
<html xmlns="http://www.w3.org/1999/xhtml" xml:lang="en" lang="en">
 <head>
  <title>
</title>
<meta http-equiv="Content-Type" content="text/html;charset=utf-8" />
  <meta name='ocr-system' content='tesseract 3.04.00' />
  <meta name='ocr-capabilities' content='ocr_page ocr_carea ocr_par ocr_line ocrx_word'/>
</head>
<body>
  <div class='ocr_page' id='page_1' title='image "./deideafelicitat01menggoog_0043.png"; bbox 0 0 3173 5096; ppageno 0'>
   <div class='ocr_carea' id='block_1_1' title="bbox 1170 1108 1704 1237">
    <p class='ocr_par' dir='ltr' id='par_1_1' title="bbox 1170 1108 1704 1237">
     <span class='ocr_line' id='line_1_1' title="bbox 1170 1108 1704 1237; baseline -0.006 0"><span class='ocrx_word' id='word_1_1' title='bbox 1170 1108 1175 1113; x_wconf 32' lang='lat'>‘</span> <span class='ocrx_word' id='word_1_2' title='bbox 1257 1165 1548 1237; x_wconf 80' lang='lat' dir='ltr'><strong>CAPUT</strong></span> <span class='ocrx_word' id='word_1_3' title='bbox 1614 1165 1704 1236; x_wconf 75' lang='lat' dir='ltr'>iv</span> 
     </span>
    </p>
   </div>
   <div class='ocr_carea' id='block_1_2' title="bbox 402 1428 2543 1732">
    <p class='ocr_par' dir='ltr' id='par_1_2' title="bbox 402 1428 2543 1732">
     <span class='ocr_line' id='line_1_2' title="bbox 402 1428 2543 1495; baseline 0.001 -13"><span class='ocrx_word' id='word_1_4' title='bbox 402 1428 697 1491; x_wconf 80' lang='lat' dir='ltr'>QUOMODO</span> <span class='ocrx_word' id='word_1_5' title='bbox 744 1434 1048 1483; x_wconf 85' lang='lat' dir='ltr'>BENOTIUS</span> <span class='ocrx_word' id='word_1_6' title='bbox 1099 1436 1152 1482; x_wconf 89' lang='lat' dir='ltr'>S.</span> <span class='ocrx_word' id='word_1_7' title='bbox 1215 1433 1541 1484; x_wconf 75' lang='lat' dir='ltr'><strong>AUGUSTINI</strong></span> <span class='ocrx_word' id='word_1_8' title='bbox 1604 1437 1779 1489; x_wconf 79' lang='lat' dir='ltr'>VIGES</span> <span class='ocrx_word' id='word_1_9' title='bbox 1840 1436 2268 1495; x_wconf 69' lang='lat' dir='ltr'><strong>PIETATRMQUE</strong></span> <span class='ocrx_word' id='word_1_10' title='bbox 2323 1437 2543 1486; x_wconf 72' lang='lat' dir='ltr'>INTER·</span> 
     </span>
     <span class='ocr_line' id='line_1_3' title="bbox 496 1558 2543 1630; baseline 0.003 -26"><span class='ocrx_word' id='word_1_11' title='bbox 496 1558 803 1609; x_wconf 81' lang='lat' dir='ltr'>PRETATUS</span> <span class='ocrx_word' id='word_1_12' title='bbox 874 1559 1196 1607; x_wconf 84' lang='lat' dir='ltr'>DOCTORUM</span> <span class='ocrx_word' id='word_1_13' title='bbox 1270 1560 1368 1606; x_wconf 86' lang='lat' dir='ltr'>SUI</span> <span class='ocrx_word' id='word_1_14' title='bbox 1434 1560 1773 1609; x_wconf 82' lang='lat' dir='ltr'>TEMPORIS&#39;</span> <span class='ocrx_word' id='word_1_15' title='bbox 1808 1561 2203 1630; x_wconf 35' lang='lat' dir='ltr'><strong>ELEGANTIAM&#39;</strong></span> <span class='ocrx_word' id='word_1_16' title='bbox 2269 1561 2543 1610; x_wconf 82' lang='lat' dir='ltr'>DEMONS·</span> 
     </span>
     <span class='ocr_line' id='line_1_4' title="bbox 495 1682 822 1732; baseline -0.006 -2"><span class='ocrx_word' id='word_1_17' title='bbox 495 1682 822 1732; x_wconf 81' lang='lat' dir='ltr'>TRAVERIT.</span> 
     </span>
    </p>
   </div>
   <div class='ocr_carea' id='block_1_3' title="bbox 316 2021 2548 3479">
    <p class='ocr_par' dir='ltr' id='par_1_3' title="bbox 316 2021 2548 3479">
     <span class='ocr_line' id='line_1_5' title="bbox 496 2021 2545 2107; baseline 0.003 -23"><span class='ocrx_word' id='word_1_18' title='bbox 496 2021 583 2089; x_wconf 34' lang='lat' dir='ltr'><em>an</em></span> <span class='ocrx_word' id='word_1_19' title='bbox 632 2039 843 2104; x_wconf 81' lang='lat' dir='ltr'>parva</span> <span class='ocrx_word' id='word_1_20' title='bbox 921 2021 1534 2093; x_wconf 85' lang='lat' dir='ltr'>Geminianensium</span> <span class='ocrx_word' id='word_1_21' title='bbox 1623 2024 1898 2090; x_wconf 87' lang='lat' dir='ltr'>civitate</span> <span class='ocrx_word' id='word_1_22' title='bbox 1983 2021 2313 2090; x_wconf 87' lang='lat' dir='ltr'>Benotius</span> <span class='ocrx_word' id='word_1_23' title='bbox 2382 2028 2545 2107; x_wconf 86' lang='lat' dir='ltr'>post</span> 
     </span>
     <span class='ocr_line' id='line_1_6' title="bbox 406 2134 2543 2232; baseline 0 -20"><span class='ocrx_word' id='word_1_24' title='bbox 406 2147 804 2228; x_wconf 84' lang='lat' dir='ltr'>splendidas</span> <span class='ocrx_word' id='word_1_25' title='bbox 843 2148 1228 2216; x_wconf 78' lang='lat' dir='ltr'>Florentiae</span> <span class='ocrx_word' id='word_1_26' title='bbox 1266 2144 1809 2232; x_wconf 84' lang='lat' dir='ltr'>magnificentias</span> <span class='ocrx_word' id='word_1_27' title='bbox 1837 2151 1905 2214; x_wconf 91' lang='lat' dir='ltr'>et</span> <span class='ocrx_word' id='word_1_28' title='bbox 1940 2149 2270 2231; x_wconf 85' lang='lat' dir='ltr'>strepitus</span> <span class='ocrx_word' id='word_1_29' title='bbox 2297 2134 2543 2214; x_wconf 83' lang='lat' dir='ltr'>iterum</span> 
     </span>
     <span class='ocr_line' id='line_1_7' title="bbox 409 2272 2542 2355; baseline 0.001 -19"><span class='ocrx_word' id='word_1_30' title='bbox 409 2275 895 2339; x_wconf 89' lang='lat' dir='ltr'>monachorum</span> <span class='ocrx_word' id='word_1_31' title='bbox 963 2273 1259 2355; x_wconf 87' lang='lat' dir='ltr'>quietem</span> <span class='ocrx_word' id='word_1_32' title='bbox 1322 2272 1769 2352; x_wconf 82' lang='lat' dir='ltr'>contemplari</span> <span class='ocrx_word' id='word_1_33' title='bbox 1822 2273 2066 2353; x_wconf 86' lang='lat' dir='ltr'>potuit.</span> <span class='ocrx_word' id='word_1_34' title='bbox 2118 2272 2401 2339; x_wconf 86' lang='lat' dir='ltr'>Divitius</span> <span class='ocrx_word' id='word_1_35' title='bbox 2438 2277 2542 2338; x_wconf 88' lang='lat' dir='ltr'>ta-</span> 
     </span>
     <span class='ocr_line' id='line_1_8' title="bbox 408 2395 2547 2483; baseline 0 -21"><span class='ocrx_word' id='word_1_36' title='bbox 408 2412 560 2462; x_wconf 90' lang='lat' dir='ltr'>men</span> <span class='ocrx_word' id='word_1_37' title='bbox 597 2395 821 2463; x_wconf 81' lang='lat' dir='ltr'>Monte</span> <span class='ocrx_word' id='word_1_38' title='bbox 865 2397 1158 2463; x_wconf 82' lang='lat' dir='ltr'>Falcone</span> <span class='ocrx_word' id='word_1_39' title='bbox 1200 2396 1525 2483; x_wconf 88' lang='lat' dir='ltr'>oppidum</span> <span class='ocrx_word' id='word_1_40' title='bbox 1563 2395 1729 2461; x_wconf 85' lang='lat' dir='ltr'>illud</span> <span class='ocrx_word' id='word_1_41' title='bbox 1770 2400 1918 2462; x_wconf 89' lang='lat' dir='ltr'>erat</span> <span class='ocrx_word' id='word_1_42' title='bbox 1955 2397 2136 2479; x_wconf 88' lang='lat' dir='ltr'>quod</span> <span class='ocrx_word' id='word_1_43' title='bbox 2182 2397 2294 2483; x_wconf 85' lang='lat' dir='ltr'>diu</span> <span class='ocrx_word' id='word_1_44' title='bbox 2329 2397 2547 2464; x_wconf 84' lang='lat' dir='ltr'>libera</span> 
     </span>
     <span class='ocr_line' id='line_1_9' title="bbox 316 2510 2542 2606; baseline -0 -18"><span class='ocrx_word' id='word_1_45' title='bbox 316 2510 317 2513; x_wconf 62' lang='grc'>’</span> <span class='ocrx_word' id='word_1_46' title='bbox 404 2521 844 2604; x_wconf 74' lang='lat' dir='ltr'>turribusque</span> <span class='ocrx_word' id='word_1_47' title='bbox 868 2522 1166 2605; x_wconf 86' lang='lat' dir='ltr'>superba</span> <span class='ocrx_word' id='word_1_48' title='bbox 1184 2522 1425 2588; x_wconf 88' lang='lat' dir='ltr'>civitas</span> <span class='ocrx_word' id='word_1_49' title='bbox 1446 2526 1817 2604; x_wconf 79' lang='lat' dir='ltr'>manserat,</span> <span class='ocrx_word' id='word_1_50' title='bbox 1842 2538 2018 2589; x_wconf 89' lang='lat' dir='ltr'>nunc</span> <span class='ocrx_word' id='word_1_51' title='bbox 2050 2526 2274 2590; x_wconf 89' lang='lat' dir='ltr'>autem</span> <span class='ocrx_word' id='word_1_52' title='bbox 2307 2524 2542 2606; x_wconf 85' lang='lat' dir='ltr'>populi</span> 
     </span>
     <span class='ocr_line' id='line_1_10' title="bbox 388 2644 2543 2730; baseline 0.002 -21"><span class='ocrx_word' id='word_1_53' title='bbox 388 2645 776 2730; x_wconf 80' lang='lat' dir='ltr'>&#39;Florentini</span> <span class='ocrx_word' id='word_1_54' title='bbox 824 2648 1140 2724; x_wconf 85' lang='lat' dir='ltr'>amicum,</span> <span class='ocrx_word' id='word_1_55' title='bbox 1201 2664 1334 2713; x_wconf 90' lang='lat' dir='ltr'>non</span> <span class='ocrx_word' id='word_1_56' title='bbox 1394 2663 1693 2725; x_wconf 87' lang='lat' dir='ltr'>servum,</span> <span class='ocrx_word' id='word_1_57' title='bbox 1761 2664 1836 2712; x_wconf 88' lang='lat' dir='ltr'>se</span> <span class='ocrx_word' id='word_1_58' title='bbox 1889 2644 2358 2730; x_wconf 83' lang='lat' dir='ltr'>profitebatur.</span> <span class='ocrx_word' id='word_1_59' title='bbox 2420 2646 2543 2713; x_wconf 86' lang='lat' dir='ltr'>Hic</span> 
     </span>
     <span class='ocr_line' id='line_1_11' title="bbox 408 2768 2542 2856; baseline -0 -20"><span class='ocrx_word' id='word_1_60' title='bbox 408 2770 611 2836; x_wconf 90' lang='lat' dir='ltr'>etiam</span> <span class='ocrx_word' id='word_1_61' title='bbox 688 2776 871 2838; x_wconf 87' lang='lat' dir='ltr'>artes</span> <span class='ocrx_word' id='word_1_62' title='bbox 942 2773 1274 2837; x_wconf 82' lang='lat' dir='ltr'>honestae</span> <span class='ocrx_word' id='word_1_63' title='bbox 1349 2768 1709 2836; x_wconf 83' lang='lat' dir='ltr'>florebant.</span> <span class='ocrx_word' id='word_1_64' title='bbox 1790 2771 2180 2837; x_wconf 87' lang='lat' dir='ltr'>Dominicus</span> <span class='ocrx_word' id='word_1_65' title='bbox 2249 2770 2542 2856; x_wconf 82' lang='lat' dir='ltr'>Strambi</span> 
     </span>
     <span class='ocr_line' id='line_1_12' title="bbox 408 2893 2546 2983; baseline 0 -23"><span class='ocrx_word' id='word_1_66' title='bbox 408 2896 587 2978; x_wconf 76' lang='lat' dir='ltr'>haud</span> <span class='ocrx_word' id='word_1_67' title='bbox 647 2896 917 2978; x_wconf 89' lang='lat' dir='ltr'>quidem</span> <span class='ocrx_word' id='word_1_68' title='bbox 986 2894 1195 2961; x_wconf 87' lang='lat' dir='ltr'>Marci</span> <span class='ocrx_word' id='word_1_69' title='bbox 1248 2895 1445 2960; x_wconf 89' lang='lat' dir='ltr'>Tullii</span> <span class='ocrx_word' id='word_1_70' title='bbox 1488 2896 1596 2980; x_wconf 83' lang='lat' dir='ltr'>vel</span> <span class='ocrx_word' id='word_1_71' title='bbox 1660 2895 2021 2962; x_wconf 88' lang='lat' dir='ltr'>Petrarcae</span> <span class='ocrx_word' id='word_1_72' title='bbox 2092 2893 2340 2983; x_wconf 83' lang='lat' dir='ltr'>famam</span> <span class='ocrx_word' id='word_1_73' title='bbox 2411 2896 2546 2961; x_wconf 87' lang='lat' dir='ltr'>sibi</span> 
     </span>
     <span class='ocr_line' id='line_1_13' title="bbox 410 3018 2545 3105; baseline 0 -21"><span class='ocrx_word' id='word_1_74' title='bbox 410 3020 826 3099; x_wconf 81' lang='lat' dir='ltr'>assumebat,</span> <span class='ocrx_word' id='word_1_75' title='bbox 876 3018 1000 3098; x_wconf 87' lang='lat' dir='ltr'>sed</span> <span class='ocrx_word' id='word_1_76' title='bbox 1038 3020 1324 3085; x_wconf 89' lang='lat' dir='ltr'>illustris</span> <span class='ocrx_word' id='word_1_77' title='bbox 1363 3019 1775 3105; x_wconf 86' lang='lat' dir='ltr'>Parisiensis</span> <span class='ocrx_word' id='word_1_78' title='bbox 1816 3020 2289 3088; x_wconf 83' lang='lat' dir='ltr'>Universitatis</span> <span class='ocrx_word' id='word_1_79' title='bbox 2328 3020 2545 3087; x_wconf 89' lang='lat' dir='ltr'>alum-</span> 
     </span>
     <span class='ocr_line' id='line_1_14' title="bbox 408 3143 2545 3228; baseline 0 -20"><span class='ocrx_word' id='word_1_80' title='bbox 408 3161 541 3228; x_wconf 6' lang='lat' dir='ltr'>nus*</span> <span class='ocrx_word' id='word_1_81' title='bbox 585 3145 1075 3211; x_wconf 87' lang='lat' dir='ltr'>celeberrimos</span> <span class='ocrx_word' id='word_1_82' title='bbox 1129 3143 1242 3209; x_wconf 87' lang='lat' dir='ltr'>diu</span> <span class='ocrx_word' id='word_1_83' title='bbox 1307 3143 1661 3209; x_wconf 88' lang='lat' dir='ltr'>audiverat</span> <span class='ocrx_word' id='word_1_84' title='bbox 1731 3147 2047 3212; x_wconf 80' lang='lat' dir='ltr'>rhetores</span> <span class='ocrx_word' id='word_1_85' title='bbox 2110 3148 2179 3211; x_wconf 92' lang='lat' dir='ltr'>et</span> <span class='ocrx_word' id='word_1_86' title='bbox 2238 3161 2417 3211; x_wconf 91' lang='lat' dir='ltr'>nunc</span> <span class='ocrx_word' id='word_1_87' title='bbox 2477 3146 2545 3208; x_wconf 90' lang='lat' dir='ltr'>in</span> 
     </span>
     <span class='ocr_line' id='line_1_15' title="bbox 408 3264 2548 3352; baseline -0.002 -18"><span class='ocrx_word' id='word_1_88' title='bbox 408 3270 634 3351; x_wconf 89' lang='lat' dir='ltr'>patria</span> <span class='ocrx_word' id='word_1_89' title='bbox 672 3270 960 3352; x_wconf 85' lang='lat' dir='ltr'>insignis</span> <span class='ocrx_word' id='word_1_90' title='bbox 1006 3272 1240 3334; x_wconf 87' lang='lat' dir='ltr'>orator</span> <span class='ocrx_word' id='word_1_91' title='bbox 1291 3267 1673 3334; x_wconf 81' lang='lat' dir='ltr'>habebatur</span> <span class='ocrx_word' id='word_1_92' title='bbox 1716 3269 1788 3332; x_wconf 92' lang='lat' dir='ltr'>ut</span> <span class='ocrx_word' id='word_1_93' title='bbox 1827 3282 1913 3332; x_wconf 88' lang='lat' dir='ltr'>ex</span> <span class='ocrx_word' id='word_1_94' title='bbox 1961 3266 2068 3330; x_wconf 88' lang='lat' dir='ltr'>his</span> <span class='ocrx_word' id='word_1_95' title='bbox 2109 3264 2345 3332; x_wconf 87' lang='lat' dir='ltr'>videre</span> <span class='ocrx_word' id='word_1_96' title='bbox 2384 3264 2548 3331; x_wconf 89' lang='lat' dir='ltr'>licet</span> 
     </span>
     <span class='ocr_line' id='line_1_16' title="bbox 408 3390 2453 3479; baseline -0.003 -22"><span class='ocrx_word' id='word_1_97' title='bbox 408 3408 580 3473; x_wconf 85' lang='lat' dir='ltr'>quae</span> <span class='ocrx_word' id='word_1_98' title='bbox 612 3393 679 3456; x_wconf 91' lang='lat' dir='ltr'>in</span> <span class='ocrx_word' id='word_1_99' title='bbox 712 3393 1201 3472; x_wconf 81' lang='lat' dir='ltr'>templi-choro</span> <span class='ocrx_word' id='word_1_100' title='bbox 1232 3409 1273 3456; x_wconf 90' lang='lat' dir='ltr'>a</span> <span class='ocrx_word' id='word_1_101' title='bbox 1302 3390 1582 3458; x_wconf 88' lang='lat' dir='ltr'>Benotio</span> <span class='ocrx_word' id='word_1_102' title='bbox 1624 3390 1897 3473; x_wconf 89' lang='lat' dir='ltr'>depicto</span> <span class='ocrx_word' id='word_1_103' title='bbox 1944 3390 2045 3455; x_wconf 91' lang='lat' dir='ltr'>sic</span> <span class='ocrx_word' id='word_1_104' title='bbox 2082 3390 2403 3479; x_wconf 84' lang='lat' dir='ltr'>leguntur</span> <span class='ocrx_word' id='word_1_105' title='bbox 2436 3403 2453 3450; x_wconf 74' lang='grc' dir='ltr'>ε</span> 
     </span>
    </p>
   </div>
   <div class='ocr_carea' id='block_1_4' title="bbox 621 3562 2221 3913">
    <p class='ocr_par' dir='ltr' id='par_1_4' title="bbox 621 3562 1919 3733">
     <span class='ocr_line' id='line_1_17' title="bbox 621 3562 1919 3645; baseline -0.002 -15"><span class='ocrx_word' id='word_1_106' title='bbox 621 3573 853 3645; x_wconf 90' lang='lat' dir='ltr'>Eloquii</span> <span class='ocrx_word' id='word_1_107' title='bbox 878 3562 1026 3628; x_wconf 70' lang='lat' dir='ltr'>Sacri</span> <span class='ocrx_word' id='word_1_108' title='bbox 1058 3574 1260 3629; x_wconf 85' lang='lat' dir='ltr'>doctor</span> <span class='ocrx_word' id='word_1_109' title='bbox 1287 3573 1593 3629; x_wconf 86' lang='lat' dir='ltr'>Parisinus</span> <span class='ocrx_word' id='word_1_110' title='bbox 1624 3579 1682 3629; x_wconf 89' lang='lat' dir='ltr'>et</span> <span class='ocrx_word' id='word_1_111' title='bbox 1705 3574 1919 3644; x_wconf 90' lang='lat' dir='ltr'>ingens</span> 
     </span>
     <span class='ocr_line' id='line_1_18' title="bbox 762 3660 1855 3733; baseline -0.005 -13"><span class='ocrx_word' id='word_1_112' title='bbox 762 3662 1209 3733; x_wconf 83' lang='lat' dir='ltr'>Gemignaniaci</span> <span class='ocrx_word' id='word_1_113' title='bbox 1236 3662 1394 3718; x_wconf 88' lang='lat' dir='ltr'>fama</span> <span class='ocrx_word' id='word_1_114' title='bbox 1420 3662 1718 3733; x_wconf 84' lang='lat' dir='ltr'>decusque</span> <span class='ocrx_word' id='word_1_115' title='bbox 1748 3660 1855 3716; x_wconf 87' lang='lat' dir='ltr'>soli</span> 
     </span>
    </p>

    <p class='ocr_par' dir='ltr' id='par_1_5' title="bbox 622 3748 2221 3913">
     <span class='ocr_line' id='line_1_19' title="bbox 622 3748 2076 3824; baseline -0.003 -16"><span class='ocrx_word' id='word_1_116' title='bbox 622 3752 739 3808; x_wconf 89' lang='lat' dir='ltr'>Hoc</span> <span class='ocrx_word' id='word_1_117' title='bbox 767 3751 1269 3824; x_wconf 11' lang='lat' dir='ltr'>propriotsumptu</span> <span class='ocrx_word' id='word_1_118' title='bbox 1291 3750 1635 3806; x_wconf 89' lang='lat' dir='ltr'>Dominicus</span> <span class='ocrx_word' id='word_1_119' title='bbox 1666 3748 1764 3814; x_wconf 86' lang='lat' dir='ltr'>ille</span> <span class='ocrx_word' id='word_1_120' title='bbox 1791 3748 2076 3805; x_wconf 88' lang='lat' dir='ltr'>sacellum</span> 
     </span>
     <span class='ocr_line' id='line_1_20' title="bbox 762 3837 2221 3913; baseline -0.003 -18"><span class='ocrx_word' id='word_1_121' title='bbox 762 3840 1060 3913; x_wconf 76' lang='lat' dir='ltr'>insignem</span> <span class='ocrx_word' id='word_1_122' title='bbox 1083 3839 1260 3912; x_wconf 85' lang='lat' dir='ltr'>jussit</span> <span class='ocrx_word' id='word_1_123' title='bbox 1289 3838 1533 3911; x_wconf 85' lang='lat' dir='ltr'>pingere</span> <span class='ocrx_word' id='word_1_124' title='bbox 1568 3837 1905 3895; x_wconf 83' lang='lat' dir='ltr'>Benotium.</span> <span class='ocrx_word' id='word_1_125' title='bbox 1939 3854 2221 3893; x_wconf 66' lang='lat' dir='ltr'>mccccnxv.</span> 
     </span>
    </p>
   </div>
   <div class='ocr_carea' id='block_1_5' title="bbox 407 3976 2542 4223">
    <p class='ocr_par' dir='ltr' id='par_1_6' title="bbox 407 3976 2542 4223">
     <span class='ocr_line' id='line_1_21' title="bbox 412 3976 2542 4097; baseline -0.003 -15"><span class='ocrx_word' id='word_1_126' title='bbox 412 4074 421 4082; x_wconf 86' lang='lat'><em>.</em></span> <span class='ocrx_word' id='word_1_127' title='bbox 494 4016 841 4097; x_wconf 84' lang='lat' dir='ltr'>Templum</span> <span class='ocrx_word' id='word_1_128' title='bbox 897 4012 1057 4096; x_wconf 87' lang='lat' dir='ltr'>illud</span> <span class='ocrx_word' id='word_1_129' title='bbox 1110 4011 1420 4077; x_wconf 87' lang='lat' dir='ltr'>Fratrum</span> <span class='ocrx_word' id='word_1_130' title='bbox 1466 4015 1617 4092; x_wconf 75' lang='lat' dir='ltr'>erat</span> <span class='ocrx_word' id='word_1_131' title='bbox 1642 3976 1740 4077; x_wconf 90' lang='lat' dir='ltr'>ex</span> <span class='ocrx_word' id='word_1_132' title='bbox 1788 4009 2026 4096; x_wconf 87' lang='lat' dir='ltr'>ordine</span> <span class='ocrx_word' id='word_1_133' title='bbox 2077 4007 2143 4073; x_wconf 91' lang='lat' dir='ltr'>S.</span> <span class='ocrx_word' id='word_1_134' title='bbox 2186 4008 2542 4095; x_wconf 86' lang='lat' dir='ltr'>Augustini</span> 
     </span>
     <span class='ocr_line' id='line_1_22' title="bbox 407 4110 2542 4223; baseline -0.002 -18"><span class='ocrx_word' id='word_1_135' title='bbox 407 4110 600 4223; x_wconf 85' lang='lat' dir='ltr'>cujus</span> <span class='ocrx_word' id='word_1_136' title='bbox 661 4140 867 4204; x_wconf 88' lang='lat' dir='ltr'>vitam</span> <span class='ocrx_word' id='word_1_137' title='bbox 928 4138 1150 4218; x_wconf 83' lang='lat' dir='ltr'>pictor</span> <span class='ocrx_word' id='word_1_138' title='bbox 1205 4135 1609 4201; x_wconf 88' lang='lat' dir='ltr'>narrandam</span> <span class='ocrx_word' id='word_1_139' title='bbox 1678 4136 2007 4218; x_wconf 81' lang='lat' dir='ltr'>suscepit.</span> <span class='ocrx_word' id='word_1_140' title='bbox 2081 4134 2338 4223; x_wconf 84' lang='lat' dir='ltr'>Novum</span> <span class='ocrx_word' id='word_1_141' title='bbox 2394 4138 2542 4203; x_wconf 89' lang='lat' dir='ltr'>erat</span> 
     </span>
    </p>
   </div>
   <div class='ocr_carea' id='block_1_6' title="bbox 409 4260 2540 4429">
    <p class='ocr_par' dir='ltr' id='par_1_7' title="bbox 409 4260 2540 4429">
     <span class='ocr_line' id='line_1_23' title="bbox 409 4260 2540 4348; baseline -0.001 -20"><span class='ocrx_word' id='word_1_142' title='bbox 409 4267 875 4348; x_wconf 86' lang='lat' dir='ltr'>argumentum</span> <span class='ocrx_word' id='word_1_143' title='bbox 921 4266 1011 4340; x_wconf 79' lang='lat' dir='ltr'>et,</span> <span class='ocrx_word' id='word_1_144' title='bbox 1065 4266 1138 4327; x_wconf 85' lang='lat' dir='ltr'>ut</span> <span class='ocrx_word' id='word_1_145' title='bbox 1193 4260 1463 4343; x_wconf 87' lang='lat' dir='ltr'>quidem</span> <span class='ocrx_word' id='word_1_146' title='bbox 1523 4260 1993 4339; x_wconf 86' lang='lat' dir='ltr'>arbritramur‚</span> <span class='ocrx_word' id='word_1_147' title='bbox 2058 4278 2098 4326; x_wconf 87' lang='lat' dir='ltr'>a</span> <span class='ocrx_word' id='word_1_148' title='bbox 2160 4260 2540 4342; x_wconf 82' lang='lat' dir='ltr'>pictoribus</span> 
     </span>
     <span class='ocr_line' id='line_1_24' title="bbox 2188 4380 2217 4429; baseline 0 0"><span class='ocrx_word' id='word_1_149' title='bbox 2188 4380 2217 4429; x_wconf 88' lang='lat'><strong>3</strong></span> 
     </span>
    </p>
   </div>
  </div>
 </body>
</html>
