3173 5096
1372 504 1724 567 *09*

484 664 791 756 unusqu‘e
822 691 1058 740 eorum
1087 674 1515 755 patriarchae
1543 673 1806 737 nuntiat
1834 672 2065 737 Saram
2102 675 2164 739 ei
2196 673 2403 739 lilium
2433 675 2612 754 pari-

481 802 702 865 turam
771 811 952 865 esse.
1018 799 1181 862 Dum
1231 800 1403 864 haee
1465 797 1652 863 audit
1708 800 1905 862 vetus
1968 796 2134 863 Sara
2188 798 2612 864 tabernaculi

481 927 672 988 stans
731 925 799 987 in
846 924 1074 990 limine
1138 926 1335 1007 gestu
1394 923 1699 988 declarat
1753 939 1895 987 rem
1951 938 2083 987 non
2149 921 2295 987 fieri
2368 939 2602 1003 posse.

462 1059 513 1103 ἰ(
550 1047 758 1113 Erant
790 1044 884 1133 (1)
927 1045 1154 1113 autem
1186 1046 1388 1111 ambo
1432 1063 1639 1112 senes
1665 1050 2176 1128 provectaeque
2227 1048 2495 1126 aetatiS,
2540 1051 2609 1113 et

479 1169 826 1236 desierant
902 1171 1107 1237 Sarae
1179 1168 1357 1236 fieri'
1394 1169 1776 1235 muliebria.
1846 1170 2029 1247 Quae
2111 1171 2262 1235 risit
2340 1172 2605 1237 occulte

477 1292 713 1359 dicens
758 1311 772 1357 :
820 1295 1185 1375 Postquam
1236 1294 1565 1359 consenui
1617 1297 1686 1359 et
1742 1293 2056 1359 dominus
2101 1310 2295 1360 meus
2342 1294 2609 1361 vetulus

462 1422 603 1494 est,
649 1415 980 1499 voluptati
1013 1435 1295 1501 operam
1346 1417 1572 1484 daho?
1608 1442 1639 1476 »
1681 1419 1861 1501 Agar
1895 1435 1931 1484 e
1972 1419 2417 1484 tabernaculo
2449 1424 2609 1500 post

460 1541 809 1609 ¹dominam
844 1549 1152 1610 arrectas
1180 1559 1386 1609 aures
1418 1542 1762 1625 praehens
1793 1543 1912 1607 illa
1935 1543 2161 1630 angeli
2189 1543 2404 1609 verba
2428 1560 2602 1625 quae

458 1665 697 1733 ‘futura
747 1670 884 1733 sint
923 1661 1468 1750 praenuntiantis
1519 1684 1727 1752 aegre
1779 1668 2050 1749 accipit.
2096 1668 2438 1733 Abraham
2486 1685 2606 1732 an-

471 1794 694 1875 gelum
749 1792 1139 1858 diffidenter
1200 1795 1502 1858 intuetur
1550 1797 1619 1858 et
1676 1809 1751 1857 se
1806 1792 1891 1857 ab
1950 1809 2033 1858 eo
2075 1797 2268 1873 putat
2304 1793 2598 1858 irrideri.

467 1915 742 1983 Calvum
819 1919 1284 1999 patriarcham
1349 1916 1596 1983 facetis
1666 1917 1928 1999 angelis
1995 1918 2221 1999 pictor
2286 1918 2601 1983 sollerter

460 2043 820 2123 opposuit.
880 2041 1220 2108 Abraham
1256 2044 1500 2123 postea
1534 2042 1807 2124 longius
1835 2041 2161 2122 ,videmus
2198 2043 2334 2123 qui,
2375 2041 2633 2133 disce--

469 2164 712 2231 dentes
770 2167 1051 2250 angelos
1092 2167 1444 2248 paulisper
1479 2166 1844 2231 comitatus
1903 2164 2180 2230 domum
2218 2167 2427 2231 multa
2472 2167 2598 2232 suh

466 2294 749 2372 pectore
781 2307 1066 2357 versans
1095 2292 1481 2358 revertitur.

556 2414 809 2481 Octava
849 2416 1078 2481 tabula
1145 2415 1563 2482 horrendum
1616 2414 1911 2480 flammis
1966 2414 2427 2500 conflagratae
2482 2416 2599 2484 So-

462 2538 703 2605 domae
727 2541 1006 2622 exponit
1025 2541 1515 2622 spectaculum.
1552 2538 1860 2605 Attamen
1900 2539 1957 2605 si
1984 2540 2117 2606 hoe
2157 2541 2377 2607 solum
2413 2542 2595 2624 quod

461 2664 527 2728 in
567 2667 759 2731 caelo
791 2666 1016 2749 agitur
1064 2666 1566 2745 considerareS‚
1613 2667 1895 2748 angelos
1945 2666 2059 2745 qui
2094 2665 2400 2731 flammas
2441 2683 2593 2733 con·

451 2789 695 2872 jieiunt
749 2807 939 2856 more
984 2806 1355 2872 puerorum
1409 2789 1549 2870 pila
1609 2789 1844 2855 ludere
1904 2787 2105 2855 facile
2171 2790 2462 2856 diceres.
2519 2791 2591 2856 ln

460 2915 629 2980 urhe
675 2930 841 2980 vero
884 2915 1112 2981 omnia
1138 2913 1594 2980 incenduntur
1628 2916 1697 2978 et
1745 2916 1926 2979 tecta
1966 2915 2371 2995 moeniaque
2402 2913 2591 2981 flam-

450 3039 584 3103 mis
636 3040 1088 3105 collabuntur.
1150 3037 1290 3122 lgni
1335 3053 1795 3118 saxorumque
1839 3039 2031 3102 ruina
2078 3040 2415 3120 perempti
2444 3055 2591 3104 om-

460 3179 584 3228 nes
654 3165 918 3231 incolae
990 3164 1273 3247 perituri
1332 3167 1527 3229 sunt.
1584 3162 1868 3227 Tantum
1946 3161 2072 3227 fuit
2141 3161 2589 3228 Sodomorum

454 3287 683 3352 scelus
711 3293 783 3352 ut
822 3306 1061 3369 parum
1090 3289 1334 3354 deceat
1369 3287 1684 3351 misereri
1713 3302 1975 3352 eorum.
1998 3285 2080 3351 At
2114 3287 2436 3353 Benotius
2477 3289 2589 3354 hic

453 3411 856 3477 innocentes
889 3429 1146 3493 pueros
1180 3412 1407 3478 161556
1456 3428 1585 3477 non
1623 3411 1879 3505 oblitus
1911 3414 2019 3477 est
2056 3429 2230 3492 quos
2263 3428 2413 3477 cum
2438 3430 2589 3478 cru-

448 3535 649 3600 ciatis
686 3537 1021 3602 matribus
1055 3536 1487 3603 miserandos
1523 3535 1827 3617 depinxit-
1869 3540 1937 3601 et
1976 3537 2330 3601 mulierem
2366 3538 2585 3605 oculis

451 3659 708 3724 nostris
770 3660 1050 3726 exhibet
1101 3665 1450 3729 maternae
1505 3666 1742 3746 pietati
1781 3670 2135 3748 parentem
2177 3686 2348 3749 quae
2385 3670 2585 3734 anxia

446 3788 711 3851 vestem
753 3801 963 3866 super
993 3788 1430 3866 parvulorum
1469 3794 1784 3856 natorum
1830 3794 2057 3874 capita
2103 3795 2397 3875 explicat
2427 3812 2583 3861 eos-

448 3924 579 3987 que
614 3908 857 3974 sedulo
889 3914 1255 3996 protegere
1294 3918 1602 3980 conatur.

534 4032 801 4100 Interea
868 4035 989 4101 Lot
1050 4036 1334 4120 ejusque
1383 4028 1560 4107 filiae
1620 4059 1704 4107 ex
1751 4043 2017 4125 impura
2066 4044 2230 4111 urhe
2284 4044 2571 4132 fugiunt.

518 4298 595 4367 (l)
634 4298 789 4352 Liber
818 4300 1049 4368 Genesis,
1083 4308 1253 4373 capul
1285 4320 1437 4381 xvni.
1468 4309 1550 4374 ll,
1590 4310 1669 4360 12.
