3173 5096
1529 516 1884 579 -24-

644 693 712 755 et
749 689 862 755 ille
902 675 1286 771 penetravit
1334 682 1561 772 ignem
1598 691 1667 752 et
1710 703 1950 753 omnes
1991 690 2421 768 stupuerunt.
2463 714 2495 746 »
2536 685 2770 754 'Talem

645 830 880 878 casum
924 830 1055 878 non
1083 810 1295 879 refert
1324 810 1389 876 S.
1425 806 1923 887 Bona'ventura,
1961 810 2084 883 sed
2110 812 2506 894 quilibetsit
2537 816 2776 878 auctor

646 955 687 1002 a
742 954 876 1019 quo
933 935 1339 1002 informatus
1390 939 1498 1002 est
1558 933 1906 1012 Benotius,
1958 934 2304 1001 arridendi
2372 937 2775 1019 opportuni-

647 1062 855 1128 tatem
893 1059 1025 1127 non
1079 1061 1400 1144 neglexit.
1439 1059 1739 1125 Puellam
1779 1076 1861 1125 ne
1897 1059 2198 1133 intuetur
2236 1061 2510 1142 quidem
2543 1086 2574 1118 «
2621 1078 2780 1127 cas-

569 1194 587 1209 ·
647 1186 862 1252 titatis
899 1188 1165 1250 amator
1216 1209 1278 1262 »,
1339 1184 1634 1250 demittit
1681 1185 1922 1253 oculos
1970 1187 2039 1251 et
2069 1202 2343 1252 crucem
2397 1186 2658 1251 habens
2707 1186 2776 1249 in

650 1328 852 1376 manu
940 1308 1253 1375 flammas
1337 1308 1629 1391 pedibus
1709 1308 1909 1374 nudis
1996 1309 2400 1393 ingreditur.
2481 1308 2784 1375 Attonita

648 1434 965 1502 consistit
1021 1434 1292 1517 puella3
1353 1434 1746 1516 obtupescit
1806 1430 1927 1499 ore
1986 1436 2222 1518 aperto
2277 1433 2615 1501 Soldanus
2670 1433 2784 1517 qui

651 1560 810 1625 talia
850 1556 1641 1641 nunquam'observavit.
1741 1610 1745 1614 .
2246 1558 2250 1563 ’

742 1683 811 1746 ln
857 1682 1085 1748 tabula
1106 1681 1465 1748 undecima
1492 1674 1903 1748 Franciscus
1931 1682 2253 1766 stigmata
2282 1683 2552 1763 recipit.
2586 1681 2788 1759 'Quod

659 1807 1131 1892 argumentum
1185 1807 1461 1873 minime
1517 1806 1871 1874 Benotium
1923 1807 2230 1890 juvabat.
2310 1806 2620 1874 Attamen
2674 1810 2784 1874 hic

653 1933 857 1998 etiam
913 1935 1202 2014 apparet
1253 1929 1506 2013 aliquid
1556 1932 1705 2014 eJ'us
1763 1932 2037 2016 ingenii,
2083 1949 2237 1996 nam
2292 1950 2444 1998 cum
2490 1933 2788 2014 spatium

658 2056 882 2141 longis
953 2055 1165 2120 radiis
1233 2056 1443 2121 rectis
1510 2055 1813 2133 deesset,
1872 2054 2176 2122 fenestra
2230 2056 2519 2139 quadam
2580 2057 2789 2122 inter÷

658 2180 908 2264 posita,
946 2178 1206 2245 fractos
1241 2184 1310 2246 et
1343 2180 1538 2262 quasi
1576 2179 2032 2261 repercussos
2068 2180 2410 2247 simulavit
2438 2180 2784 2247 BenotiuS.

746 2305 990 2370 Ultima
1054 2304 1285 2369 tabula
1345 2320 1520 2386 qufae
1606 2304 1953 2371 Fran'cisci
2029 2306 2396 2388 exsequias
2464 2304 2791 2370 describit

657 2429 951 2496 inferior-³
975 2427 1095 2494 est'
1117 2426 1294 2494 forte
1331 2430 1487 2494 lotti
1521 2430 1831 2510 picturae
1858 2429 1925 2493 in
1954 2430 2205 2511 templo
2239 2428 2525 2495 Sanctae
2559 2426 2791 2493 Crucis

658 2556 1068 2622 Florentiae.
1097 2555 1242 2620 Non
1269 2554 1580 2620 eamdem
1606 2556 1739 2620 vim
1770 2554 1974 2621 habet
2002 2555 2482 2637 simplicitatis.
2511 2552 2794 2619 Adstan-'

658 2680 821 2745 tium
876 2695 1201 2745 numerus
1249 2681 1357 2744 est
1404 2676 1645 2760 major,
1706 2678 1828 2745 sed
1891 2677 2072 2744 fides
2121 2680 2363 2745 minor.
2423 2676 2670 2743 Omnes
2728 2678 2794 2741 in

661 2802 814 2867 lotti
856 2803 1088 2868 tabula
1121 2803 1368 2868 moesti
1405 2805 1561 2866 sunt
1611 2806 1680 2867 et
1712 2804 1943 2869 severi
1963 2807 1986 2879 3‘
2017 2802 2341 2869 Benotius
2373 2820 2539 2870 vero
2570 2802 2794 2869 diver-

662 2942 782 2991 sos
831 2925 1021 2991 finxit
1077 2928 1458 2993 animorum
1519 2925 1833 2992 affectus.
1883 2927 2052 2993 Dum
2113 2928 2429 2994 monachi
2484 2927 2799 2993 seniores

665 3051 883 3115 sancti
956 3051 1080 3115 viri
1151 3051 1367 3132 pedes
1434 3067 1812 3132 manusque
1884 3048 1997 3133 pie
2065 3053 2487 3129 osculantur,
2568 3051 2799 3117 clerici

658 3172 995 3256 JunioreS,
1025 3175 1470 3256 aequissimo,
1502 3177 1571 3239 ut
1592 3172 1740 3239 fieri
1773 3175 1973 3253 solet,
2003 3175 2226 3240 animo
2254 3191 2498 3257 preces
2525 3174 2593 3238 in
2626 3191 2801 3240 mor*

665 3301 854 3363 tuum
891 3299 1202 3363 recitant.
1241 3297 1455 3365 lottus
1495 3298 1766 3378 quidem
1808 3299 2230 3365 incredulum
2275 3298 2626 3365 doctorem
2667 3314 2800 3363 non

667 3422 1086 3503 neglexerat.
1134 3420 1297 3485 Nam
1335 3425 1741 3502 praesentes
1783 3439 1936 3486 cum
1978 3426 2359 3488 moreretur
2393 3421 2801 3488 Franciscus

673 3552 1034 3627 postquam
1109 3528 1556 3623 enumeravit,
1611 3547 1689 3612 S.
1772 3546 2249 3614 Bonavcntura
2326 3547 2427 3613 sic
2503 3545 2740 3612 scribit
2782 3562 2797 3607 :

674 3695 704 3727 «
754 3670 934 3736 Unus
964 3669 1139 3755 (1)...
1174 3686 1259 3736 ex
1311 3672 1426 3736 eis.
1453 3672 1652 3737 miles
1696 3673 1967 3754 quidem
2013 3673 2356 3738 litteratus
2396 3675 2464 3736 et
2502 3669 2805 3753 prudens

674 3793 1122 3878 Hieronymus
1161 3796 1429 3862 nomine
1470 3798 1597 3873 vir,
1643 3798 1870 3879 utique
1900 3796 2207 3863 famosus
2247 3800 2314 3862 et
2345 3796 2619 3863 celeber
2654 3810 2805 3860 cum

575 3927 579 3931 ’
674 3919 756 3984 de
778 3918 1163 4002 hujusmodi
1181 3921 1398 3986 sacris
1416 3922 1630 4004 signis
1650 3921 2056 4002 dubitasset,
2076 3925 2396 4003 essetque
2414 3919 2805 3985 incredulus

676 4045 872 4124 quasi
899 4043 1219 4122 Thomas,
1254 4044 1628 4111 ferventius
1651 4050 1719 4112 et
1743 4047 2072 4113 audacius
2102 4063 2333 4113 coram
2363 4044 2712 4119 fratribuS,
2741 4045 2809 4107 et

747 4310 816 4380 (l)
849 4310 1101 4377 LcsJenda
1132 4311 1190 4363 S.
1223 4312 1522 4378 Francisci,
1555 4317 1729 4382 caput
1757 4330 1842 4366 xv.
