3173 5096
1530 500 1888 562 „23—

640 668 913 736 fuerunt
938 671 1211 736 colores
1243 671 1946 771 quorumclaritatem
1980 671 2457 755 quadringenti
2489 674 2772 755 quadra-

638 797 823 879 ginta
866 799 1021 862 anni
1053 814 1185 863 non
1219 798 1624 862 minuerunt.
1669 794 1814 861 Hoc
1844 796 2175 861 sacellum
2203 796 2316 861 ubi
2358 796 2671 863 Cosimus
2708 803 2778 864 et

638 920 880 987 Petrus
942 922 1481 1003 Laurentiusque
1524 921 1965 1004 cogitabundi
2013 924 2356 987 steterunt
2405 937 2623 1003 prope
2686 922 2779 986 in-

636 1050 888 1112 tactum
917 1052 1244 1127 maneret,
1285 1047 1417 1112 nisi
1448 1046 1807 1111 architecti
1842 1045 2269 1127 posteriores
2300 1047 2414 1126 qui
2448 1046 2770 1126 palatium

635 1171 1217 1254 amplificaverunt
1243 1171 1560 1255 angulum
1597 1170 1955 1252 quemdam
1978 1171 2313 1253 parietum
2344 1171 2764 1253 ineptissime

636 1297 1074 1362 amovissent.
1108 1297 1291 1373 Quae
1332 1296 1447 1361 lux
1483 1296 1676 1378 prius
1717 1300 1905 1361 esset
1934 1295 2300 1372 nescimus,
2340 1312 2518 1361 nunc
2544 1298 2770 1362 autem

633 1422 939 1503 pessima
977 1424 1107 1487 est.
1143 1420 1593 1486 Nihilominus
1625 1436 1778 1485 cum
1823 1419 1991 1484 solis
2029 1419 2253 1486 medio
2301 1419 2409 1512 die
2452 1420 2771 1486 ardentes

634 1545 1164 1612 radiisacellum
1194 1544 1597 1627 pervadunt,
1638 1544 1818 1610 oculi
1856 1545 2140 1610 viatoris
2182 1544 2499 1664 blandam
2526 1545 2771 1628 volup-

631 1673 837 1735 tatem
871 1675 1165 1751 possunt
1196 1685 1591 1751 capessere.

452 1575 680 1871 &XX
727 1793 847 1860 Hic
880 1799 1119 1879 regnat
1146 1796 1425 1861 laetitia
1461 1794 1662 1859 Juxta
1704 1791 2071 1859 fenestram
2109 1810 2191 1859 ex
2239 1798 2524 1875 utraque
2571 1797 2769 1875 parte

634 1918 868 1996 altaris
902 1919 1014 1984 ubi
1056 1916 1266 1982 Maria
1306 1915 1457 1984 cum‘
1490 1917 1724 1984 infanti
1762 1916 1930 1984 Jesu
1961 1909 2269 1996 sedebat,
2302 1920 2519 1984 teneri
2546 1919 2771 2002 angeli

630 2025 1109 2148 pulcbeirimis
1153 2043 1460 2110 vestibus
1500 2044 1711 2109 induti
1751 2047 1818 2110 et
1859 2029 2005 2109 alas
2041 2047 2396 2148 moventes
2431 2037 2772 2125 pavonum

630 2168 878 2268 plumis
932 2145 1311 2252 gemmatas
1363 2171 1793 2235 canticum(
1759 2166 1984 2255 (floria
2052 2189 2120 2231 m
2179 2163 2454 2231 excelsis
2515 2168 2646 2230 Deo
2701 2170 2768 2232 in

631 2309 865 2358 eorum
909 2294 1157 2359 nimbis
1195 2271 1599 2375 inscriptum
1640 2310 1882 2377 magna
1927 2310 2096 2359 voce
2154 2291 2461 2358 fundunt.
2496 2290 2594 2356 Ad
2630 2294 2773 2356 tan·

634 2419 738 2482 tas
779 2413 987 2482 ferias
1020 2419 1244 2501 angeli
1264 2418 1330 2482 in
1361 2434 1689 2484 amoenos
1719 2418 2294 2485 villaemediceae
2320 2417 2498 2499 apud
2522 2414 2769 2502 Careg-

632 2541 815 2624 gium
875 2537 1115 2609 hortos
1166 2544 1359 2610 caelo
1415 2541 1945 2610 descenderunt.
1961 2524 2066 2606 'ln
2099 2524 2334 2608 'tribus
2373 2542 2765 2626 piaecipuis

633 2667 1014 2747 parietibus
1105 2670 1521 2775 transvectio
1623 2667 1973 2752 Magorum
2045 2669 2404 2734 evolvitur.
2483 2656 2762 2750 Equites

630 2792 808 2859 dona
861 2793 1086 2860 divino
1136 2771 1351 2876 puero
1402 2792 1705 2861 ferentes
1741 2792 2272 2876 progrediuntur
2316 2810 2439 2874 per
2476 2792 2758 2859 Floren-

628 2892 811 2983 tinos
884 2920 1097 2985 colles
1165 2936 1454 3000 quorum
1521 2920 1717 2985 ilices
1812 2922 1880 2985 et
1941 2934 2342 3000 cupresso&
2427 2935 2633 3000 rupes
2695 2923 2764 2984 et

628 3043 913 3107 castella
964 3044 1424 3133 agnoscimu3‚
1470 3049 1560 3121 et,
1624 3047 1694 3109 ut
1748 3060 1787 3107 a
1839 3042 2063 3109 taedio
2114 3044 2357 3126 longae
2415 3044 2565 3108 viae
2621 3044 2764 3127 ani-

629 3184 810 3232 mum
843 3167 1204 3247 abducant,
1237 3185 1425 3247 aveS‚
1470 3169 1747 3250 lepores
1775 3167 2146 3248 damasque
2196 3171 2552 3234 venantur.

717 3289 1003 3361 loannes
1033 3292 1443 3376 Paleologus
1481 3291 1860 3372 Imperator
1889 3291 2298 3375 Florentiam
2332 3308 2466 3379 quo
2501 3291 2585 3356 ad
2621 3291 2766 3356 uni-

628 3432 871 3483 versae
908 3415 1258 3484 Ecclesiae
1301 3412 1664 3483 concilium
1705 3420 1984 3482 venerat
2023 3433 2198 3502 anno
2234 3414 2764 3480 MCCCCXXXlX

630 3541 1026 3608 solemniter
1067 3538 1492 3607 intraverati
1534 3539 1856 3608 Benotius
1901 3544 2041 3606 tum
2082 3557 2299 3606 annos
2344 3539 2760 3623 undeviginti

625 3718 809 3789 volero
844 3738 999 3789 venir
1040 3735 1324 3805 domenica
1352 3740 1580 3805 passata
1610 3736 1683 3789 da
1711 3737 1832 3810 voig
1869 3736 1918 3790 el
1961 3741 2140 3805 tempo
2173 3735 2246 3788 mi
2285 3737 2414 3788 mise
2450 3749 2653 3803 paura.
2699 3734 2757 3788 lo

616 3824 849 3878 attendo
890 3824 1155 3879 alt'alcra
1194 3826 1383 3892 facicm
1427 3824 1487 3878 da·
1525 3824 1700 3893 quest'
1737 3825 1885 3877 ultra
1925 3825 2214 3879 seltimana
2261 3826 2388 3877 sard
2433 3823 2649 3888 fornica
2700 3824 2759 3876 in

623 3914 863 3978 frosclw.
910 3916 953 3968 E
990 3917 1066 3969 mi
1107 3931 1248 3984 pare
1308 3914 1462 3969 1000
1508 3917 1647 3968 anni
1689 3913 1866 3967 chella
1903 3915 2330 3981 maqne'ticienliu
2372 3929 2468 3967 ‘cru
2502 3913 2586 3966 sia
2623 3928 2755 3981 qua,

618 4004 816 4072 perche
847 4005 931 4058 υοί
958 4009 1205 4072 veqyiafc
1230 4003 1301 4058 se'
1325 4004 1534 4058 llavoro
1556 4005 1606 4056 υἱ
1632 4008 1906 4057 contenta.
1928 4004 2107 4057 Crista
2136 4004 2190 4055 υἱ
2213 4004 2464 4056 conservi-
2485 4001 2632 4055 nella
2656 4018 2758 4056 sua

624 4095 834 4160 pruzia.
1836 4092 1926 4144 Vr.
1964 4088 2201 4144 Benozzo
2231 4092 2508 4160 dipiutore

1826 4172 1830 4177 ’
2010 4182 2074 4231 ἱη·
2098 4166 2294 4247 sirenze

1030 4289 1327 4358 (Servatur
1358 4287 1501 4342 haec
1534 4286 1780 4358 epistola
1819 4288 1874 4342 in
1920 4286 2155 4341 archivo
2191 4285 2571 4356 Florentino).
