3173 5096
1549 477 1904 540 —42-

667 651 877 718 maris
909 668 1149 734 aquam
1184 651 1528 718 cochleari
1569 656 1769 718 utens
1815 649 2100 718 fundere
2146 652 2387 729 tentat,
2426 649 2795 732 obstupes-

669 777 985 858 centique
1037 774 1449 860 Augustino·
1486 775 1798 844 declarat
1859 774 2125 842 facilius
2196 791 2355 841 esse
2427 789 2580 839 eam
2631 789 2795 848 rem,

666 897 964 967 feliciter
996 915 1239 985 gerere
1272 918 1473 983 quam
1510 900 1742 968 divina
1772 902 2097 985 mysteria
2121 900 2547 983 intellegere.

757 1023 829 1103 ln
882 1025 1060 1093 colle
1100 1025 1595 1093 monasterium
1658 1025 1964 1093 cernitur
2008 1024 2496 1092 heremitarum
2549 1020 2803 1088 montis

668 1148 894 1215 Pisani
935 1167 1111 1232 quos
1149 1152 1385 1218 visitat
1414 1150 1858 1234 Augustinus.
1895 1148 1970 1214 In
2009 1149 2254 1216 dextra
2283 1151 2478 1230 parte
2525 1146 2797 1213 tabulae

666 1276 971 1358 regulam
1003 1275 1266 1342 ordinis
1307 1276 1413 1342 sui
1442 1274 1770 1342 fratribus
1809 1275 2101 1359 benigne
2136 1273 2440 1356 exponit.

752 1397 1050 1466 Tabulae
1072 1401 1316 1467 tertiae
1337 1399 1644 1467 decimae
1667 1401 1837 1468 haec
1859 1402 1966 1466 est
1981 1399 2338 1481 inscriptio
2362 1414 2378 1461 :
2406 1422 2437 1455 «
2466 1392 2802 1475 Quemad-

668 1521 944 1589 modum
1006 1526 1284 1591 sanctus
1336 1523 1756 1609 Augustinus
1812 1524 1992 1607 apud
2047 1523 2356 1591 Hostiam
2418 1519 2798 1587 Tiberinam

670 1647 994 1726 esistens‚
1046 1648 1299 1715 habitis
1348 1650 1433 1716 ad
1480 1648 1843 1732 quamdam
1889 1649 2174 1732 hospitii
2218 1647 2590 1715 fenestram
2642 1660 2797 1710 cum

671 1773 1098 1857 pientissima
1146 1772 1294 1856 ejus
1333 1777 1550 1840 matre
1600 1775 1937 1841 monacha
1970 1773 2216 1839 divinis
2274 1769 2660 1853 colloquiis,
2718 1783 2802 1833 ac

590 1951 597 1955 .
672 1901 833 1979 post
861 1896 1010 1981 eJus
1045 1898 1519 1965 felicissimum
1544 1899 1804 1965 obitum
1840 1898 1906 1962 in
1941 1914 2076 1980 quo
2104 1913 2357 1979 corpus
2378 1893 2798 1962 Dominicum

671 2023 736 2087 in
776 2021 1131 2106 cujusdam
1162 2023 1431 2106 puerili·
1461 2025 1681 2107 spetie
1733 2023 1820 2090 de
1855 2040 2055 2089 manu
2095 2021 2480 2089 sacerdotis
2518 2018 2799 2086 esiliens

673 2165 828 2214 cum
876 2147 1096 2231 ipsius
1155 2145 1381 2214 anima
1417 2149 1930 2233 transmigravit
1983 2151 2054 2214 at
2103 2149 2393 2215 caelum.
2426 2145 2796 2224 Assumplo

673 2273 944 2357 navigio
988 2289 1139 2338 cum
1176 2269 1447 2356 Alippio
1484 2272 1744 2339 Evodio
1785 2271 1934 2356 ejus
1983 2271 2125 2337 filio
2160 2264 2535 2347 AdeodatO,
2566 2265 2799 2333 multis

677 2401 745 2464 et
783 2397 936 2463 aliis
995 2396 1333 2464 cattolicis
1375 2397 1544 2464 viris
1590 2397 1919 2464 remeavit
1962 2395 2048 2464 ad
2089 2394 2482 2463 Affrlcham.
2529 2417 2561 2452 »
2600 2392 2802 2458 Juxta

675 2520 1151 2587 moribundam
1198 2525 1483 2589 matrem
1525 2524 1664 2588 stat
1704 2519 2159 2607 Augustinus;
2197 2521 2444 2588 librum
2491 2520 2572 2585 in*
2600 2534 2801 2598 manu

676 2649 885 2727 tenet,
920 2647 987 2710 in
1022 2662 1105 2713 eo
1165 2646 1412 2713 solatia
1451 2663 1791 2730 quaerens
1841 2664 2018 2729 quae
2054 2650 2291 2714 sancta
2350 2645 2565 2713 verba
2600 2643 2803 2710 nobis

677 2771 1032 2852 praebent,
1080 2787 1327 2855 magno
1387 2773 1614 2837 tamen
1668 2770 1908 2838 dolore
1964 2769 2345 2838 confectus.
2418 2794 2452 2829 «
2505 2769 2650 2853 Ego
2702 2763 2801 2853 (1)

677 2895 961 2960 silebam
988 2897 1056 2961 et
1079 2893 1311 2962 fletum
1344 2891 1762 2962 fraenabam.
1799 2921 1831 2955 »
1860 2894 1993 2975 Sed
2023 2897 2183 2977 post
2212 2911 2366 2962 eum
2396 2891 2577 2971 filius
2599 2889 2804 2958 fletus

675 3023 908 3085 tenere
944 3034 1078 3084 non
1115 3020 1319 3086 valet.
1367 3044 1399 3079 «
1439 3020 1606 3087 Tum
1641 3016 1739 3108 (2)
1779 3036 1945 3087 vero
1973 3019 2090 3086 ubi
2129 3017 2387 3086 efflavit
2422 3020 2799 3084 extremum

676 3142 988 3224 spiritum
1029 3160 1203 3224 puer
1246 3142 1639 3209 Adeodalus
1679 3144 2088 3211 exclamavit
2126 3144 2193 3207 in
2234 3142 2575 3224 planctum
2587 3189 2720 3205 .....
2765 3165 2798 3199 »

676 3267 875 3358 Humi
904 3268 1150 3335 mulier
1173 3270 1411 3335 tenera
1435 3267 1634 3336 sedet
1661 3285 1866 3351 quam
1899 3268 2226 3351 parvulus
2260 3267 2546 3333 brachio
2576 3269 2799 3334 tenet:

676 3391 810 3459 duo
859 3393 1176 3458 monachi
1245 3393 1327 3459 de
1381 3396 1600 3460 morte
1666 3392 2051 3473 disserunt;
2096 3392 2344 3459 adsunt
2409 3395 2478 3458 et
2538 3392 2808 3475 parvuli

677 3518 812 3583 duo
848 3516 1009 3583 nudi
1035 3533 1322 3600 quorum
1358 3535 1532 3584 unus
1559 3519 1856 3584 catulum
1881 3516 2233 3602 Augustini
2263 3517 2535 3583 vexavit
2564 3519 2632 3584 et
2655 3513 2806 3600 jam

677 3642 996 3709 dentibus
1051 3643 1470 3710 minitantem
1525 3642 1722 3727 fugit.
1767 3643 2090 3735 Benotius
2143 3642 2300 3708 dum
2332 3639 2604 3725 'pueros
2646 3641 2807 3708 illos

681 3768 1124 3834 moribundae
1169 3767 1364 3851 Juxta
1416 3768 1669 3835 lectum
1719 3768 2023 3852 depingit
2074 3767 2367 3835 Lucretii
2416 3784 2657 3835 versus
2692 3768 2807 3836 ‘vi-‚-

682 3891 880 3958 detur
915 3894 1306 3960 meminisse
1336 3911 1351 3959 :

754 4195 828 4265 (l)
860 4195 1249 4262 Confessione3‚
1282 4192 1429 4249 liber
1456 4193 1551 4262 IX,
1578 4201 1755 4269 caput
1783 4214 1856 4251 x1.
1946 4201 1949 4205 ’

754 4285 827 4355 (2)
859 4284 1254 4351 Confession63‚
1286 4282 1436 4338 liber
1465 4283 1558 4351 lX,
1594 4290 1769 4357 caput
1795 4303 1907 4340 xm.
