3173 5096
1585 506 1939 569 -52-

913 682 1039 738 Huc
1061 683 1132 754 (1)
1155 685 1339 754 pater,
1367 697 1400 735 o
1430 677 1658 733 Lenaee
1683 676 1842 742 veni,
1874 675 2217 747 nudataque
2244 679 2438 730 musto

876 762 879 766 Α
908 770 1091 842 Tinge
1121 787 1273 826 novo
1305 784 1540 827 mecum
1572 764 1816 838 direptis
1842 780 2016 820 crura
2046 763 2375 820 cothurnis,

691 937 887 1018 Ipsae
951 934 1220 1016 puellae
1295 928 1496 997 nudis
1573 929 1895 994 incedunt
1958 927 2251 1010 pedibus
2323 923 2608 1010 quarum
2674 922 2826 1008 pul-

694 1059 1034 1125 cherrima
1090 1060 1245 1122 ante
1300 1056 1471 1120 alias
1523 1071 1658 1120 una
1707 1070 1876 1118 uvas
1922 1052 1990 1115 in
2053 1052 2275 1118 lacum
2330 1052 2663 1117 vinarium
2719 1052 2823 1115 in·

694 1184 933 1250 fundit.
992 1182 1168 1249 Puer
1229 1181 1503 1265 quidam
1561 1178 1851 1261 cupidus
1912 1175 2184 1243 videndi
2242 1177 2464 1242 lacum
2528 1175 2827 1258 desuper

691 1309 1074 1391 adspectat.
1138 1307 1318 1373 Avus
1391 1322 1562 1372 cana
1641 1304 2120 1386 promissaque
2197 1301 2433 1380 barba,
2501 1301 2822 1383 parvulae

690 1435 914 1516 neptis
949 1433 1156 1515 capiti
1188 1449 1458 1497 manum
1495 1430 1803 1511 imponit..
2511 1516 2516 1522 ·

778 1556 933 1624 Mox
967 1557 1107 1623 Noe
1148 1558 1394 1623 iterum
1433 1555 1747 1621 videmus
1790 1553 2073 1636 ejusque
2114 1551 2472 1636 conjugem
2518 1553 2631 1633 qui
2661 1569 2821 1618 vas-

686 1684 858 1748 culis
910 1683 1245 1747 inclusum
1303 1697 1437 1746 non
1497 1680 1645 1745 sine
1699 1679 2030 1762 religione
2089 1677 2379 1760 quadam
2442 1678 2818 1759 pretiosum

687 1804 914 1872 ferunt
980 1805 1337 1887 liquorem.
1396 1803 1477 1868 At
1533 1802 1813 1886 potandi
1875 1804 2226 1883 voluptate
2309 1818 2466 1867 mox
2531 1802 2821 1868 vincitur

685 1929 1076 2011 patriarcha
1105 1946 1305 2011 quem
1334 1945 1509 1994 uxor
1529 1927 1669 2011 jam
1708 1927 1907 1992 anxia
1940 1928 2260 1992 intuetur.

777 2078 808 2110 «
862 2053 1242 2136 Bibcnsque
1296 2050 1390 2140 (2)
1429 2053 1659 2118 vinum
1710 2051 2087 2116 inebriatus
2132 2054 2261 2127 cst,
2296 2054 2363 2116 et
2414 2051 2707 2117 nudatus
2751 2053 2817 2116 in

681 2177 1124 2243 tabernaculo
1167 2194 1318 2243 suo.
1369 2176 1560 2254 Quod
1622 2192 1774 2241 cum
1827 2176 2117 2241 vidisset
2175 2173 2381 2239 Cham
2421 2174 2618 2256 pater
2653 2175 2818 2241 Cha-

683 2312 883 2379 naan‚“
916 2300 1215 2367 verenda
1255 2300 1517 2367 scilicet
1559 2301 1776 2382 patris
1826 2300 1928 2364 sui
1969 2316 2127 2365 esse
2168 2300 2443 2378 nudata,
2488 2303 2817 2368 nuntiavit

681 2425 951 2491 duobus
1002 2424 1326 2491 fratribus
1380 2424 1593 2491 foras.
1629 2426 1715 2488 At
1772 2442 1937 2491 vero
1996 2420 2152 2491 Sem
2207 2429 2275 2490 et
2325 2425 2615 2507 Japheth
2668 2427 2815 2508 pal-

680 2552 841 2616 lium
891 2551 1364 2632 imposuerunt
1414 2552 1718 2615 humeris
1766 2550 1934 2628 suiS,
1985 2553 2053 2615 et
2108 2550 2503 2617 incedentes
2558 2556 2814 2617 retror-

675 2693 848 2752 sum,
909 2676 1326 2756 operuerunt
1366 2673 1667 2739 verenda
1716 2674 1933 2756 patris
1990 2676 2119 2749 sui,
2169 2673 2520 2757 faciesque
2576 2692 2811 2741 eorum

676 2815 961 2866 aversae
1017 2802 1232 2876 erant,
1286 2802 1352 2863 et
1411 2798 1630 2879 patris
1683 2798 1908 2862 virilia
1969 2816 2103 2863 non
2155 2799 2494 2865 viderunt.
2561 2824 2591 2857 »
2651 2796 2813 2864 Des·

671 2928 938 2989 tructus
980 2926 1086 2988 est
1128 2922 1267 2987 Noe
1317 2938 1516 3003 quem
1559 2922 1823 2987 ebrium
1865 2924 2178 3005 pinxerat
2226 2921 2572 2989 Benotius.
2620 2921 2810 2988 Haud

669 3046 1040 3113 verisimile
1081 3049 1189 3111 est
1227 3046 1560 3127 pictorem
1604 3047 1673 3110 in
1714 3048 1846 3112 hoc
1888 3052 2291 3131 argumento
2329 3046 2810 3114 immodestum

672 3169 913 3249 fuisse,
944 3186 1098 3234 nam
1133 3170 1201 3233 in
1243 3170 1558 3235 omnihus
1597 3170 1746 3251 ejus
1783 3172 2111 3252 operibus
2151 3176 2422 3237 tenetur
2463 3172 2809 3262 ‚luvenalis

672 3297 1115 3377 praeceptum
1158 3311 1173 3356 z

1030 3476 1285 3532 Maxima
1314 3477 1563 3534 debetur
1592 3495 1774 3551 puero
1806 3480 2234 3535 reverentia....

670 3670 919 3735 Partim
985 3668 1209 3734 deleta
1276 3672 1383 3734 est
1456 3670 1698 3736 mulier
1764 3670 2041 3735 curiosa
2105 3671 2377 3738 videndi
2454 3675 2520 3738 et
2589 3674 2806 3754 impu-

667 3790 835 3856 dens
876 3788 971 3876 (3)
1018 3808 1192 3873 quae
1238 3793 1412 3859 inter
1452 3793 1705 3880 digitos
1757 3799 2045 3876 utroque
2087 3796 2288 3861 oculo
2334 3795 2515 3884 quod
2558 3813 2692 3862 non
2742 3798 2805 3863 ei

742 4038 814 4106 (l)
844 4037 1130 4105 Georqica,
1163 4036 1231 4104 11,
1274 4056 1325 4107 v,
1360 4042 1476 4113 8·9.

740 4127 815 4196 (2)
844 4126 1004 4178 Liber
1034 4125 1275 4193 Genesi3‚
1303 4133 1479 4198 caput
1509 4146 1581 4195 1x‚
1616 4134 1706 4197 21,
1737 4134 1826 4195 22,
1859 4135 1946 4185 23.

742 4215 810 4285 (3)
871 4211 1163 4267 Proverbii
1222 4213 1348 4269 vice
1403 4216 1778 4273 celebrantur
1820 4218 1998 4274 verba
2050 4236 2193 4275 come
2246 4221 2300 4274 la
2357 4235 2691 4288 verqoqnosa
2744 4223 2806 4277 di

674 4308 874 4373 Campo
912 4302 1104 4356 Samo,
