3173 5096
1325 522 1687 585 ,475-

441 694 836 778 Equitantes
876 693 1298 760 venabantur
1352 692 1851 758 adolescentes.
1915 692 2115 758 Falco
2173 691 2569 757 volitantem

440 819 730 903 urgebat
770 818 1045 884 ardeam
1081 833 1254 900 quae
1287 789 1527 883 deinde
1559 814 1745 882 humi
1778 816 2061 899 delapsa
2094 788 2282 884 letali
2308 815 2578 881 volucri

442 942 712 1008 fortiter
742 942 1150 1008 obsistebat.
1199 941 1267 1005 In
1300 941 1539 1007 dextra
1577 944 1772 1023 parte
1807 941 2080 1008 tabulae
2118 941 2353 1023 regina
2382 943 2573 1021 post-

441 1085 640 1150 quam
670 1084 756 1133 ex
782 1084 959 1149 equo
993 1066 1474 1133 descendisset
1505 1083 1544 1131 a
1569 1054 1931 1132 Salomone
1963 1067 2250 1131 comiter
2275 1065 2577 1145 excipie-

442 1169 666 1258 batur.
694 1193 860 1258 Post
883 1191 1188 1275 reginam
1223 1190 1356 1256 duo
1380 1192 1536 1256 nani
1563 1193 1759 1257 erant
1789 1196 1857 1257 et
1881 1193 2167 1257 venusta
2197 1188 2575 1272 pedisequa

442 1334 616 1399 quae
652 1316 802 1400 ejns
836 1317 1239 1399 perlongam
1282 1313 1736 1397 fluentemque
1774 1319 2035 1381 vestem
2077 1285 2481 1380 sustinebat.
2571 1311 2580 1328 ³

533 1439 675 1506 Hoc
716 1444 1093 1506 extremum
1130 1412 1751 1520 suavissimumque
1778 1427 1954 1521 opus
1990 1438 2147 1503 dum
2176 1417 2577 1520 perficiebat

446 1580 654 1630 senex
703 1566 950 1646 pictor,
1009 1538 1907 1645 tempus-reminiscebatur
1958 1579 2091 1645 quo
2139 1535 2360 1627 adhuc
2410 1559 2575 1626 ado-

442 1685 717 1755 lescens
758 1688 1189 1753 Laurentium
1215 1685 1529 1753 'Ghiberti
1565 1686 1928 1770 adjuvabat
1964 1686 2049 1752 ad
2090 1686 2323 1768 templi
2357 1685 2576 1751 sancti

445 1810 712 1877 loannis
741 1814 1008 1893 portam
1041 1809 1496 1894 effingendam
1525 1811 1641 1875 ubi
1667 1812 1903 1895 regina
1924 1810 2101 1876 Saba
2126 1811 2576 1891 salomonque

445 1935 946 2001 discernuntur.
995 1933 1327 1998 Plurimas
1366 1935 1999 2016 pulcherrimasque
2036 1908 2579 1999 transvectiones

446 2060 688 2124 abhinc
748 2058 1176 2139 depinxerat,
1244 2059 1524 2139 etipse
1596 2059 1875 2124 multum
1937 2060 2361 2141 equitaverat
2421 2057 2578 2122 dum

447 2159 694 2247 Urbem
728 2182 1066 2260 Veterem,
1098 2158 1406 2260 Romam,
1444 2180 1738 2248 Montem
1772 2182 2132 2248 Falconem
2163 2186 2231 2248 et
2262 2180 2576 2247 Sanctum

448 2306 909 2372 Geminianum
992 2306 1292 2388 petebat.
1375 2303 1683 2390 Effigiem
1747 2324 1941 2372 suam
2011 2281 2258 2373 dicitur
2329 2307 2393 2369 in
2467 2306 2580 2369 illa

446 2432 683 2497 ultima
731 2431 964 2497 tabula
1019 2431 1102 2496 ad
1153 2428 1688 2497 similitudinem
1713 2432 1920 2497 vetuli
1970 2431 2302 2513 pinxisse,
2364 2433 2456 2508 et,
2512 2433 2585 2495 ut

446 2555 715 2621 facilius
739 2559 1232 2640 agnosceretur
1256 2557 1321 2619 in
1352 2557 1643 2636 plurimo
1673 2558 1949 2641 reginae
1982 2555 2196 2623 Sabae
2229 2558 2578 2635 comitatu,

449 2680 670 2745 albam
710 2684 967 2746 cartam
1008 2685 1250 2763 petaso
1305 2697 1429 2746 suo
1480 2683 1937 2763 applicavisse
1986 2679 2107 2768 (l).
2164 2681 2465 2763 Quinque
2517 2683 2584 2746 et

448 2805 803 2888 sexaginta
857 2821 1072 2869 annos
1118 2807 1271 2869 ¹tum
1339 2807 1539 2870 natus
1604 2810 1773 2870 erat.
1836 2805 2203 2887 Postquam
2267 2803 2581 2884 penicillo

453 2928 752 2993 ultimam
786 2929 1031 2995 lineam
1060 2928 1274 3007 duxit,
1308 2929 1714 2995 immensum
1742 2947 1917 3010 opus
1949 2922 2328 3011 perfectum
2356 2927 2582 2993 consi·

453 3051 695 3119 derare
736 3055 958 3135 potuit
998 3056 1075 3119 et=
1114 3052 1381 3119 tandem
1417 3053 1797 3136 justissima
1835 3055 2063 3136 quiete
2108 3071 2276 3119 usus
2319 3057 2446 3119 est.

543 3176 948 3259 Popularem
989 3180 1257 3244 ethicen
1290 3178 1581 3244 diximus
1625 3195 1777 3244 eum
1807 3179 1868 3243 in
1901 3180 2017 3243 illa
2052 3180 2317 3244 Veteris
2350 3179 2587 3244 Testa-

452 3303 658 3369 menti
724 3302 1288 3383 interpretatione
1371 3305 1846 3387 proposuisse.
1930 3303 2329 3386 Plerumque
2408 3299 2587 3365 illius

455 3427 785 3507 temporis
827 3424 1163 3491 artificum
1200 3429 1583 3510 exemplum
1614 3400 1915 3504 secutuS‚
1955 3428 2275 3493 Benotius
2303 3428 2589 3508 patriar-

455 3552 730 3614 charum
804 3551 982 3615 vitae
1057 3553 1462 3630 praesertim
1520 3552 1775 3617 studuit
1824 3569 1956 3633 qua
2005 3552 2298 3633 populus
2358 3544 2587 3616 delec-

528 3778 542 3835 (
555 3779 603 3848 l)
646 3777 804 3832 Haec
827 3776 1008 3832 refert
1038 3776 1325 3849 Georgius
1362 3778 1562 3834 Vasari
1573 3821 1680 3834 .....
1719 3780 1879 3833 Nella
1917 3782 2091 3834 storia
2120 3780 2345 3849 dunque
2374 3779 2509 3834 dove
2535 3781 2588 3832 la

456 3868 612 3920 reina
640 3867 787 3939 Sabq
814 3883 883 3921 va
907 3883 941 3920 a
967 3867 1255 3922 Salomone
1276 3876 1303 3922 e·
1340 3871 1568 3923 ritratto
1614 3870 1855 3923 Marsilio
1880 3870 2066 3923 Ficino
2092 3871 2184 3935 fra
2204 3871 2339 3923 certi
2360 3870 2587 3938 prelati,

458 3954 831 4025 l'Arqiropolo
853 3955 1163 4011 doctissimo
1185 3973 1364 4024 ῃνεοο,
1384 3973 1410 4011 e
1429 3959 1674 4012 Ballista
1701 3958 1944 4024 Ρίαίὶηα,
1971 3958 2012 4010 il
2040 3959 2200 4028 quale
2221 3973 2387 4012 aver-a
2407 3962 2587 4027 prima

454 4047 676 4099 ritratlo
706 4046 767 4098 in
798 4047 986 4110 Roma,
1018 4046 1087 4100 ed
1120 4045 1231 4113 eqli
1267 4052 1436 4100 stesso
1478 4062 1641 4115 sopra
1681 4064 1756 4101 un
1795 4048 2001 4102 cavallo
2045 4049 2193 4102 nella
2233 4053 2416 4118 fiyura
2455 4048 2586 4101 d'un

456 4135 670 4188 vecchio
715 4150 839 4188 raso
886 4152 985 4189 eon
1026 4151 1137 4189 una
1181 4136 1421 4189 bem-etta
1468 4153 1603 4190 nera
1643 4137 1737 4190 che
1777 4137 1847 4191 Ιια.
1885 4138 2032 4192 nella
2065 4141 2240 4209 pinya
2285 4156 2396 4192 una
2436 4143 2590 4191 carta

462 4223 676 4289 binum,
714 4226 856 4289 forse
891 4241 992 4291 per
1016 4242 1197 4293 seyne,
1238 4240 1265 4279 o
1297 4226 1489 4294 perche
1522 4226 1645 4279 ebbe
1685 4227 1906 4281 volonlci
1949 4229 2281 4282 disci-everri
2322 4228 2515 4280 dentre
2548 4224 2590 4276 il

464 4328 615 4365 ηοηῑε
646 4328 809 4367 suo...
