<?xml version="1.0" encoding="UTF-8"?>
<!DOCTYPE html PUBLIC "-//W3C//DTD XHTML 1.0 Transitional//EN"
    "http://www.w3.org/TR/xhtml1/DTD/xhtml1-transitional.dtd">
<html xmlns="http://www.w3.org/1999/xhtml" xml:lang="en" lang="en">
 <head>
  <title>
</title>
<meta http-equiv="Content-Type" content="text/html;charset=utf-8" />
  <meta name='ocr-system' content='tesseract 3.04.00' />
  <meta name='ocr-capabilities' content='ocr_page ocr_carea ocr_par ocr_line ocrx_word'/>
</head>
<body>
  <div class='ocr_page' id='page_1' title='image "./deideafelicitat01menggoog_0091.png"; bbox 0 0 3173 5096; ppageno 0'>
   <div class='ocr_carea' id='block_1_1' title="bbox 352 689 2506 4263">
    <p class='ocr_par' dir='ltr' id='par_1_1' title="bbox 352 689 2506 4263">
     <span class='ocr_line' id='line_1_1' title="bbox 360 689 2502 776; baseline 0.003 -25"><span class='ocrx_word' id='word_1_1' title='bbox 360 689 609 754; x_wconf 86' lang='lat' dir='ltr'>Dantes</span> <span class='ocrx_word' id='word_1_2' title='bbox 646 691 1060 772; x_wconf 80' lang='lat' dir='ltr'>excogitavit</span> <span class='ocrx_word' id='word_1_3' title='bbox 1092 691 1461 776; x_wconf 74' lang='lat' dir='ltr'>depingere</span> <span class='ocrx_word' id='word_1_4' title='bbox 1499 710 1630 760; x_wconf 91' lang='lat' dir='ltr'>non</span> <span class='ocrx_word' id='word_1_5' title='bbox 1675 696 2035 776; x_wconf 85' lang='lat' dir='ltr'>potuisset.</span> <span class='ocrx_word' id='word_1_6' title='bbox 2075 694 2337 770; x_wconf 82' lang='lat' dir='ltr'>Quanta</span> <span class='ocrx_word' id='word_1_7' title='bbox 2367 710 2502 758; x_wconf 92' lang='lat' dir='ltr'>ma-</span> 
     </span>
     <span class='ocr_line' id='line_1_2' title="bbox 359 813 2500 900; baseline 0.004 -24"><span class='ocrx_word' id='word_1_8' title='bbox 359 813 608 878; x_wconf 92' lang='lat' dir='ltr'>ledicta</span> <span class='ocrx_word' id='word_1_9' title='bbox 647 829 813 896; x_wconf 88' lang='lat' dir='ltr'>erga</span> <span class='ocrx_word' id='word_1_10' title='bbox 854 815 1165 881; x_wconf 85' lang='lat' dir='ltr'>homiues</span> <span class='ocrx_word' id='word_1_11' title='bbox 1206 822 1274 882; x_wconf 89' lang='lat' dir='ltr'>et</span> <span class='ocrx_word' id='word_1_12' title='bbox 1304 817 1620 884; x_wconf 89' lang='lat' dir='ltr'>civitates</span> <span class='ocrx_word' id='word_1_13' title='bbox 1651 824 1719 885; x_wconf 90' lang='lat' dir='ltr'>et</span> <span class='ocrx_word' id='word_1_14' title='bbox 1759 819 2054 900; x_wconf 85' lang='lat' dir='ltr'>populos</span> <span class='ocrx_word' id='word_1_15' title='bbox 2086 818 2150 881; x_wconf 90' lang='lat' dir='ltr'>in</span> <span class='ocrx_word' id='word_1_16' title='bbox 2185 823 2500 899; x_wconf 82' lang='lat' dir='ltr'>poemate</span> 
     </span>
     <span class='ocr_line' id='line_1_3' title="bbox 354 936 2500 1026; baseline 0.003 -24"><span class='ocrx_word' id='word_1_17' title='bbox 354 937 532 1018; x_wconf 87' lang='lat' dir='ltr'>quod</span> <span class='ocrx_word' id='word_1_18' title='bbox 570 936 934 1003; x_wconf 79' lang='lat' dir='ltr'>Comoedia</span> <span class='ocrx_word' id='word_1_19' title='bbox 969 940 1254 1006; x_wconf 85' lang='lat' dir='ltr'>dicitur!</span> <span class='ocrx_word' id='word_1_20' title='bbox 1307 942 1470 1008; x_wconf 89' lang='lat' dir='ltr'>Dum</span> <span class='ocrx_word' id='word_1_21' title='bbox 1513 955 1732 1026; x_wconf 85' lang='lat' dir='ltr'>usque</span> <span class='ocrx_word' id='word_1_22' title='bbox 1777 944 1956 1026; x_wconf 87' lang='lat' dir='ltr'>apud</span> <span class='ocrx_word' id='word_1_23' title='bbox 2007 947 2252 1025; x_wconf 88' lang='lat' dir='ltr'>poetae</span> <span class='ocrx_word' id='word_1_24' title='bbox 2293 942 2500 1008; x_wconf 84' lang='lat' dir='ltr'>Para-</span> 
     </span>
     <span class='ocr_line' id='line_1_4' title="bbox 354 1060 2502 1134; baseline 0.002 -9"><span class='ocrx_word' id='word_1_25' title='bbox 354 1060 577 1127; x_wconf 87' lang='lat' dir='ltr'><strong>disum</strong></span> <span class='ocrx_word' id='word_1_26' title='bbox 620 1068 1011 1130; x_wconf 89' lang='lat' dir='ltr'>sanctorum</span> <span class='ocrx_word' id='word_1_27' title='bbox 1062 1082 1418 1133; x_wconf 88' lang='lat' dir='ltr'>sermones</span> <span class='ocrx_word' id='word_1_28' title='bbox 1468 1070 1741 1134; x_wconf 78' lang='lat' dir='ltr'>acerbis</span> <span class='ocrx_word' id='word_1_29' title='bbox 1782 1068 2215 1134; x_wconf 91' lang='lat' dir='ltr'>contumeliis</span> <span class='ocrx_word' id='word_1_30' title='bbox 2258 1066 2502 1132; x_wconf 84' lang='lat' dir='ltr'>redun-</span> 
     </span>
     <span class='ocr_line' id='line_1_5' title="bbox 354 1186 2503 1273; baseline 0.003 -23"><span class='ocrx_word' id='word_1_31' title='bbox 354 1186 539 1263; x_wconf 85' lang='lat' dir='ltr'>dant,</span> <span class='ocrx_word' id='word_1_32' title='bbox 607 1190 834 1253; x_wconf 91' lang='lat' dir='ltr'>omnia</span> <span class='ocrx_word' id='word_1_33' title='bbox 886 1190 948 1253; x_wconf 91' lang='lat' dir='ltr'>in</span> <span class='ocrx_word' id='word_1_34' title='bbox 1000 1190 1259 1256; x_wconf 89' lang='lat' dir='ltr'>Benotii</span> <span class='ocrx_word' id='word_1_35' title='bbox 1320 1209 1530 1273; x_wconf 87' lang='lat' dir='ltr'>opere</span> <span class='ocrx_word' id='word_1_36' title='bbox 1589 1192 2175 1259; x_wconf 90' lang='lat' dir='ltr'>mansuetudinem</span> <span class='ocrx_word' id='word_1_37' title='bbox 2240 1192 2503 1257; x_wconf 50' lang='lat' dir='ltr'>miseri-*</span> 
     </span>
     <span class='ocr_line' id='line_1_6' title="bbox 359 1312 2504 1398; baseline 0.002 -22"><span class='ocrx_word' id='word_1_38' title='bbox 359 1312 799 1396; x_wconf 86' lang='lat' dir='ltr'>cordiamque</span> <span class='ocrx_word' id='word_1_39' title='bbox 847 1314 1219 1380; x_wconf 87' lang='lat' dir='ltr'>declarant.</span> <span class='ocrx_word' id='word_1_40' title='bbox 1249 1316 1600 1383; x_wconf 90' lang='lat' dir='ltr'>Francisci</span> <span class='ocrx_word' id='word_1_41' title='bbox 1652 1322 1870 1384; x_wconf 90' lang='lat' dir='ltr'>mater</span> <span class='ocrx_word' id='word_1_42' title='bbox 1918 1334 2070 1383; x_wconf 91' lang='lat' dir='ltr'>cum</span> <span class='ocrx_word' id='word_1_43' title='bbox 2107 1319 2346 1398; x_wconf 90' lang='lat' dir='ltr'>partus</span> <span class='ocrx_word' id='word_1_44' title='bbox 2387 1314 2504 1381; x_wconf 91' lang='lat' dir='ltr'>do-</span> 
     </span>
     <span class='ocr_line' id='line_1_7' title="bbox 363 1436 2504 1524; baseline 0.002 -25"><span class='ocrx_word' id='word_1_45' title='bbox 363 1436 625 1502; x_wconf 92' lang='lat' dir='ltr'>loribus</span> <span class='ocrx_word' id='word_1_46' title='bbox 657 1439 1090 1521; x_wconf 89' lang='lat' dir='ltr'>inopinanter</span> <span class='ocrx_word' id='word_1_47' title='bbox 1119 1442 1512 1523; x_wconf 88' lang='lat' dir='ltr'>corripitur,</span> <span class='ocrx_word' id='word_1_48' title='bbox 1545 1443 1775 1507; x_wconf 81' lang='lat' dir='ltr'>statim</span> <span class='ocrx_word' id='word_1_49' title='bbox 1814 1459 1851 1507; x_wconf 86' lang='lat' dir='ltr'>a</span> <span class='ocrx_word' id='word_1_50' title='bbox 1889 1442 2186 1524; x_wconf 89' lang='lat' dir='ltr'>benigna</span> <span class='ocrx_word' id='word_1_51' title='bbox 2212 1440 2504 1522; x_wconf 86' lang='lat' dir='ltr'>quadam</span> 
     </span>
     <span class='ocr_line' id='line_1_8' title="bbox 361 1563 2496 1648; baseline 0.001 -23"><span class='ocrx_word' id='word_1_52' title='bbox 361 1567 639 1628; x_wconf 89' lang='lat' dir='ltr'>curatur</span> <span class='ocrx_word' id='word_1_53' title='bbox 679 1564 963 1630; x_wconf 89' lang='lat' dir='ltr'>muliere</span> <span class='ocrx_word' id='word_1_54' title='bbox 1021 1564 1218 1648; x_wconf 82' lang='lat' dir='ltr'>cujus</span> <span class='ocrx_word' id='word_1_55' title='bbox 1269 1567 1497 1632; x_wconf 87' lang='lat' dir='ltr'>vultus</span> <span class='ocrx_word' id='word_1_56' title='bbox 1547 1568 2057 1634; x_wconf 81' lang='lat' dir='ltr'>miserationem</span> <span class='ocrx_word' id='word_1_57' title='bbox 2117 1563 2496 1647; x_wconf 85' lang='lat' dir='ltr'>profitetur.</span> 
     </span>
     <span class='ocr_line' id='line_1_9' title="bbox 363 1684 2504 1772; baseline 0.003 -25"><span class='ocrx_word' id='word_1_58' title='bbox 363 1684 633 1752; x_wconf 89' lang='lat' dir='ltr'>Petrum</span> <span class='ocrx_word' id='word_1_59' title='bbox 672 1686 1177 1755; x_wconf 87' lang='lat' dir='ltr'>Bernardonem</span> <span class='ocrx_word' id='word_1_60' title='bbox 1236 1688 1377 1756; x_wconf 87' lang='lat' dir='ltr'>filio</span> <span class='ocrx_word' id='word_1_61' title='bbox 1420 1691 1666 1757; x_wconf 90' lang='lat' dir='ltr'>iratum</span> <span class='ocrx_word' id='word_1_62' title='bbox 1719 1689 2023 1772; x_wconf 87' lang='lat' dir='ltr'>prudens</span> <span class='ocrx_word' id='word_1_63' title='bbox 2060 1690 2320 1755; x_wconf 91' lang='lat' dir='ltr'>amicus</span> <span class='ocrx_word' id='word_1_64' title='bbox 2357 1704 2504 1753; x_wconf 88' lang='lat' dir='ltr'>ma-</span> 
     </span>
     <span class='ocr_line' id='line_1_10' title="bbox 361 1810 2505 1899; baseline 0.002 -25"><span class='ocrx_word' id='word_1_65' title='bbox 361 1810 562 1876; x_wconf 89' lang='lat' dir='ltr'>nulea</span> <span class='ocrx_word' id='word_1_66' title='bbox 602 1812 870 1878; x_wconf 86' lang='lat' dir='ltr'>retinet.</span> <span class='ocrx_word' id='word_1_67' title='bbox 919 1812 1222 1880; x_wconf 88' lang='lat' dir='ltr'>Morituri</span> <span class='ocrx_word' id='word_1_68' title='bbox 1275 1816 1506 1880; x_wconf 91' lang='lat' dir='ltr'>militis</span> <span class='ocrx_word' id='word_1_69' title='bbox 1546 1819 1903 1899; x_wconf 89' lang='lat' dir='ltr'>gravatum</span> <span class='ocrx_word' id='word_1_70' title='bbox 1944 1819 2149 1896; x_wconf 87' lang='lat' dir='ltr'>caput</span> <span class='ocrx_word' id='word_1_71' title='bbox 2188 1830 2505 1881; x_wconf 92' lang='lat' dir='ltr'>moerens</span> 
     </span>
     <span class='ocr_line' id='line_1_11' title="bbox 357 1936 2504 2021; baseline 0.001 -22"><span class='ocrx_word' id='word_1_72' title='bbox 357 1949 534 2001; x_wconf 86' lang='lat' dir='ltr'>uxor</span> <span class='ocrx_word' id='word_1_73' title='bbox 572 1942 879 2003; x_wconf 86' lang='lat' dir='ltr'>amanter</span> <span class='ocrx_word' id='word_1_74' title='bbox 930 1936 1122 2004; x_wconf 83' lang='lat' dir='ltr'>fulcit</span> <span class='ocrx_word' id='word_1_75' title='bbox 1160 1944 1465 2021; x_wconf 76' lang='lat' dir='ltr'>pectore.</span> <span class='ocrx_word' id='word_1_76' title='bbox 1518 1938 1783 2005; x_wconf 87' lang='lat' dir='ltr'>Monica</span> <span class='ocrx_word' id='word_1_77' title='bbox 1829 1956 2042 2021; x_wconf 77' lang='lat' dir='ltr'>quam</span> <span class='ocrx_word' id='word_1_78' title='bbox 2087 1955 2317 2004; x_wconf 88' lang='lat' dir='ltr'>carum</span> <span class='ocrx_word' id='word_1_79' title='bbox 2384 1939 2504 2002; x_wconf 79' lang='lat' dir='ltr'>lia-</span> 
     </span>
     <span class='ocr_line' id='line_1_12' title="bbox 360 2059 2499 2147; baseline 0 -22"><span class='ocrx_word' id='word_1_80' title='bbox 360 2062 519 2126; x_wconf 89' lang='lat' dir='ltr'>bcat</span> <span class='ocrx_word' id='word_1_81' title='bbox 597 2059 808 2127; x_wconf 86' lang='lat' dir='ltr'>filium</span> <span class='ocrx_word' id='word_1_82' title='bbox 889 2062 1142 2129; x_wconf 91' lang='lat' dir='ltr'>indicat</span> <span class='ocrx_word' id='word_1_83' title='bbox 1203 2065 1689 2147; x_wconf 81' lang='lat' dir='ltr'>grammaticae</span> <span class='ocrx_word' id='word_1_84' title='bbox 1758 2065 2088 2147; x_wconf 86' lang='lat' dir='ltr'>magistro</span> <span class='ocrx_word' id='word_1_85' title='bbox 2161 2064 2268 2127; x_wconf 89' lang='lat' dir='ltr'>cui</span> <span class='ocrx_word' id='word_1_86' title='bbox 2346 2079 2499 2128; x_wconf 88' lang='lat' dir='ltr'>cum</span> 
     </span>
     <span class='ocr_line' id='line_1_13' title="bbox 360 2184 2504 2269; baseline 0.001 -19"><span class='ocrx_word' id='word_1_87' title='bbox 360 2184 747 2252; x_wconf 89' lang='lat' dir='ltr'>docendum</span> <span class='ocrx_word' id='word_1_88' title='bbox 790 2186 1012 2253; x_wconf 91' lang='lat' dir='ltr'>tradit.</span> <span class='ocrx_word' id='word_1_89' title='bbox 1050 2186 1480 2254; x_wconf 87' lang='lat' dir='ltr'>Maledictum</span> <span class='ocrx_word' id='word_1_90' title='bbox 1514 2205 1551 2252; x_wconf 89' lang='lat' dir='ltr'>a</span> <span class='ocrx_word' id='word_1_91' title='bbox 1604 2194 1794 2269; x_wconf 87' lang='lat' dir='ltr'>patre</span> <span class='ocrx_word' id='word_1_92' title='bbox 1848 2187 2051 2253; x_wconf 83' lang='lat' dir='ltr'>Cham</span> <span class='ocrx_word' id='word_1_93' title='bbox 2101 2191 2318 2252; x_wconf 88' lang='lat' dir='ltr'>mater</span> <span class='ocrx_word' id='word_1_94' title='bbox 2367 2185 2504 2252; x_wconf 83' lang='lat' dir='ltr'>fra-</span> 
     </span>
     <span class='ocr_line' id='line_1_14' title="bbox 359 2310 2501 2392; baseline 0.001 -18"><span class='ocrx_word' id='word_1_95' title='bbox 359 2314 635 2392; x_wconf 85' lang='lat' dir='ltr'>tresque</span> <span class='ocrx_word' id='word_1_96' title='bbox 695 2312 1128 2378; x_wconf 75' lang='lat' dir='ltr'>miserantur.</span> <span class='ocrx_word' id='word_1_97' title='bbox 1194 2310 1523 2379; x_wconf 89' lang='lat' dir='ltr'>Strenuus</span> <span class='ocrx_word' id='word_1_98' title='bbox 1596 2313 1794 2379; x_wconf 91' lang='lat' dir='ltr'>miles</span> <span class='ocrx_word' id='word_1_99' title='bbox 1876 2312 2098 2378; x_wconf 87' lang='lat' dir='ltr'>factus</span> <span class='ocrx_word' id='word_1_100' title='bbox 2165 2312 2501 2386; x_wconf 77' lang='lat' dir='ltr'>Abrabam</span> 
     </span>
     <span class='ocr_line' id='line_1_15' title="bbox 362 2435 2506 2520; baseline 0.002 -23"><span class='ocrx_word' id='word_1_101' title='bbox 362 2435 771 2501; x_wconf 86' lang='lat' dir='ltr'>horrendam</span> <span class='ocrx_word' id='word_1_102' title='bbox 826 2439 1127 2520; x_wconf 87' lang='lat' dir='ltr'>stragem</span> <span class='ocrx_word' id='word_1_103' title='bbox 1170 2440 1478 2504; x_wconf 89' lang='lat' dir='ltr'>moestus</span> <span class='ocrx_word' id='word_1_104' title='bbox 1511 2439 2035 2520; x_wconf 87' lang='lat' dir='ltr'>contemplatur.</span> <span class='ocrx_word' id='word_1_105' title='bbox 2083 2435 2256 2502; x_wconf 91' lang='lat' dir='ltr'>Dum</span> <span class='ocrx_word' id='word_1_106' title='bbox 2312 2436 2506 2509; x_wconf 81' lang='lat' dir='ltr'>ardet</span> 
     </span>
     <span class='ocr_line' id='line_1_16' title="bbox 362 2559 2503 2645; baseline 0.001 -20"><span class='ocrx_word' id='word_1_107' title='bbox 362 2559 679 2640; x_wconf 86' lang='lat' dir='ltr'>Sodoma,</span> <span class='ocrx_word' id='word_1_108' title='bbox 740 2567 995 2628; x_wconf 88' lang='lat' dir='ltr'>matres</span> <span class='ocrx_word' id='word_1_109' title='bbox 1058 2560 1350 2630; x_wconf 82' lang='lat' dir='ltr'>flammis</span> <span class='ocrx_word' id='word_1_110' title='bbox 1410 2579 1869 2645; x_wconf 86' lang='lat' dir='ltr'>saxorumque</span> <span class='ocrx_word' id='word_1_111' title='bbox 1920 2564 2113 2629; x_wconf 91' lang='lat' dir='ltr'>ruina</span> <span class='ocrx_word' id='word_1_112' title='bbox 2158 2563 2503 2645; x_wconf 82' lang='lat' dir='ltr'>periturae</span> 
     </span>
     <span class='ocr_line' id='line_1_17' title="bbox 361 2685 2503 2754; baseline 0.001 -4"><span class='ocrx_word' id='word_1_113' title='bbox 361 2685 709 2751; x_wconf 81' lang='lat' dir='ltr'>etiamtum</span> <span class='ocrx_word' id='word_1_114' title='bbox 751 2687 1010 2754; x_wconf 85' lang='lat' dir='ltr'>liberos</span> <span class='ocrx_word' id='word_1_115' title='bbox 1040 2689 1218 2753; x_wconf 85' lang='lat' dir='ltr'>tueri</span> <span class='ocrx_word' id='word_1_116' title='bbox 1258 2692 1614 2754; x_wconf 87' lang='lat' dir='ltr'>conantur.</span> <span class='ocrx_word' id='word_1_117' title='bbox 1651 2685 1785 2753; x_wconf 88' lang='lat' dir='ltr'>Sub</span> <span class='ocrx_word' id='word_1_118' title='bbox 1826 2688 2076 2753; x_wconf 92' lang='lat' dir='ltr'>montis</span> <span class='ocrx_word' id='word_1_119' title='bbox 2108 2685 2289 2752; x_wconf 84' lang='lat' dir='ltr'>Sinai</span> <span class='ocrx_word' id='word_1_120' title='bbox 2326 2685 2503 2752; x_wconf 50' lang='lat' dir='ltr'>radi*</span> 
     </span>
     <span class='ocr_line' id='line_1_18' title="bbox 358 2808 2500 2893; baseline 0.001 -20"><span class='ocrx_word' id='word_1_121' title='bbox 358 2809 555 2874; x_wconf 93' lang='lat' dir='ltr'>cibus</span> <span class='ocrx_word' id='word_1_122' title='bbox 593 2828 796 2892; x_wconf 82' lang='lat' dir='ltr'>quum</span> <span class='ocrx_word' id='word_1_123' title='bbox 834 2811 1189 2877; x_wconf 85' lang='lat' dir='ltr'>horribilia</span> <span class='ocrx_word' id='word_1_124' title='bbox 1219 2811 1588 2877; x_wconf 88' lang='lat' dir='ltr'>audiuntur</span> <span class='ocrx_word' id='word_1_125' title='bbox 1632 2812 1933 2878; x_wconf 88' lang='lat' dir='ltr'>tonitrua</span> <span class='ocrx_word' id='word_1_126' title='bbox 1969 2811 2326 2893; x_wconf 87' lang='lat' dir='ltr'>parvulum</span> <span class='ocrx_word' id='word_1_127' title='bbox 2363 2808 2500 2875; x_wconf 83' lang='lat' dir='ltr'>fra-</span> 
     </span>
     <span class='ocr_line' id='line_1_19' title="bbox 358 2934 2503 3018; baseline 0 -18"><span class='ocrx_word' id='word_1_128' title='bbox 358 2940 528 3000; x_wconf 88' lang='lat' dir='ltr'>trem</span> <span class='ocrx_word' id='word_1_129' title='bbox 594 2935 748 3016; x_wconf 89' lang='lat' dir='ltr'>pius</span> <span class='ocrx_word' id='word_1_130' title='bbox 805 2952 975 3017; x_wconf 87' lang='lat' dir='ltr'>puer</span> <span class='ocrx_word' id='word_1_131' title='bbox 1028 2935 1344 3018; x_wconf 87' lang='lat' dir='ltr'>pavidum</span> <span class='ocrx_word' id='word_1_132' title='bbox 1392 2935 1571 3001; x_wconf 94' lang='lat' dir='ltr'>collo</span> <span class='ocrx_word' id='word_1_133' title='bbox 1631 2952 1757 3002; x_wconf 92' lang='lat' dir='ltr'>suo</span> <span class='ocrx_word' id='word_1_134' title='bbox 1809 2936 2145 3002; x_wconf 91' lang='lat' dir='ltr'>admovet.</span> <span class='ocrx_word' id='word_1_135' title='bbox 2207 2934 2503 3000; x_wconf 87' lang='lat' dir='ltr'>Plurima</span> 
     </span>
     <span class='ocr_line' id='line_1_20' title="bbox 360 3059 2496 3142; baseline 0 -18"><span class='ocrx_word' id='word_1_136' title='bbox 360 3061 491 3124; x_wconf 90' lang='lat' dir='ltr'>alia</span> <span class='ocrx_word' id='word_1_137' title='bbox 530 3061 836 3126; x_wconf 85' lang='lat' dir='ltr'>caritatis</span> <span class='ocrx_word' id='word_1_138' title='bbox 890 3062 1203 3142; x_wconf 86' lang='lat' dir='ltr'>exempla</span> <span class='ocrx_word' id='word_1_139' title='bbox 1251 3060 1428 3141; x_wconf 87' lang='lat' dir='ltr'>apud</span> <span class='ocrx_word' id='word_1_140' title='bbox 1484 3060 1836 3127; x_wconf 85' lang='lat' dir='ltr'>Benotium</span> <span class='ocrx_word' id='word_1_141' title='bbox 1881 3059 2179 3126; x_wconf 90' lang='lat' dir='ltr'>notanda</span> <span class='ocrx_word' id='word_1_142' title='bbox 2217 3062 2496 3136; x_wconf 85' lang='lat' dir='ltr'>essent;</span> 
     </span>
     <span class='ocr_line' id='line_1_21' title="bbox 360 3184 2500 3268; baseline -0.001 -19"><span class='ocrx_word' id='word_1_143' title='bbox 360 3185 475 3266; x_wconf 87' lang='lat' dir='ltr'>illa</span> <span class='ocrx_word' id='word_1_144' title='bbox 546 3186 860 3268; x_wconf 84' lang='lat' dir='ltr'>eligimus</span> <span class='ocrx_word' id='word_1_145' title='bbox 937 3202 1110 3267; x_wconf 86' lang='lat' dir='ltr'>quae</span> <span class='ocrx_word' id='word_1_146' title='bbox 1192 3185 1416 3267; x_wconf 89' lang='lat' dir='ltr'>pictor</span> <span class='ocrx_word' id='word_1_147' title='bbox 1496 3187 1743 3266; x_wconf 85' lang='lat' dir='ltr'>sponte</span> <span class='ocrx_word' id='word_1_148' title='bbox 1813 3200 1936 3248; x_wconf 88' lang='lat' dir='ltr'>sua</span> <span class='ocrx_word' id='word_1_149' title='bbox 1999 3184 2500 3266; x_wconf 84' lang='lat' dir='ltr'>excogitavlsse</span> 
     </span>
     <span class='ocr_line' id='line_1_22' title="bbox 358 3308 2074 3400; baseline -0.005 -27"><span class='ocrx_word' id='word_1_150' title='bbox 358 3308 649 3374; x_wconf 89' lang='lat' dir='ltr'>videtur.</span> <span class='ocrx_word' id='word_1_151' title='bbox 2068 3394 2074 3400; x_wconf 16' lang='grc' dir='ltr'>ι</span> 
     </span>
     <span class='ocr_line' id='line_1_23' title="bbox 450 3432 2499 3515; baseline -0.001 -18"><span class='ocrx_word' id='word_1_152' title='bbox 450 3432 984 3498; x_wconf 88' lang='lat' dir='ltr'>Misericordiam</span> <span class='ocrx_word' id='word_1_153' title='bbox 1055 3435 1486 3500; x_wconf 89' lang='lat' dir='ltr'>commendat</span> <span class='ocrx_word' id='word_1_154' title='bbox 1549 3435 1871 3501; x_wconf 92' lang='lat' dir='ltr'>Benotius</span> <span class='ocrx_word' id='word_1_155' title='bbox 1925 3436 2082 3515; x_wconf 86' lang='lat' dir='ltr'>quia</span> <span class='ocrx_word' id='word_1_156' title='bbox 2140 3435 2499 3497; x_wconf 85' lang='lat' dir='ltr'>humanam</span> 
     </span>
     <span class='ocr_line' id='line_1_24' title="bbox 364 3541 2500 3639; baseline -0.001 -20"><span class='ocrx_word' id='word_1_157' title='bbox 364 3559 670 3621; x_wconf 86' lang='lat' dir='ltr'>naturam</span> <span class='ocrx_word' id='word_1_158' title='bbox 726 3554 1192 3636; x_wconf 84' lang='lat' dir='ltr'>imperfectam</span> <span class='ocrx_word' id='word_1_159' title='bbox 1247 3574 1403 3623; x_wconf 86' lang='lat' dir='ltr'>esse</span> <span class='ocrx_word' id='word_1_160' title='bbox 1459 3541 1815 3639; x_wconf 69' lang='lat' dir='ltr'>intellegit.</span> <span class='ocrx_word' id='word_1_161' title='bbox 1879 3556 2001 3633; x_wconf 86' lang='lat' dir='ltr'>Qui</span> <span class='ocrx_word' id='word_1_162' title='bbox 2079 3556 2342 3638; x_wconf 89' lang='lat' dir='ltr'>magnis</span> <span class='ocrx_word' id='word_1_163' title='bbox 2405 3555 2500 3623; x_wconf 88' lang='lat' dir='ltr'>uti</span> 
     </span>
     <span class='ocr_line' id='line_1_25' title="bbox 358 3677 2501 3762; baseline -0.001 -18"><span class='ocrx_word' id='word_1_164' title='bbox 358 3682 546 3761; x_wconf 88' lang='lat' dir='ltr'>cupit</span> <span class='ocrx_word' id='word_1_165' title='bbox 621 3680 821 3746; x_wconf 90' lang='lat' dir='ltr'>bonis</span> <span class='ocrx_word' id='word_1_166' title='bbox 894 3681 1102 3745; x_wconf 89' lang='lat' dir='ltr'>multa</span> <span class='ocrx_word' id='word_1_167' title='bbox 1178 3697 1389 3762; x_wconf 88' lang='lat' dir='ltr'>parva</span> <span class='ocrx_word' id='word_1_168' title='bbox 1453 3679 1634 3746; x_wconf 87' lang='lat' dir='ltr'>ferre</span> <span class='ocrx_word' id='word_1_169' title='bbox 1695 3680 1900 3746; x_wconf 92' lang='lat' dir='ltr'>debet</span> <span class='ocrx_word' id='word_1_170' title='bbox 1961 3679 2158 3744; x_wconf 86' lang='lat' dir='ltr'>mala.</span> <span class='ocrx_word' id='word_1_171' title='bbox 2233 3677 2501 3744; x_wconf 92' lang='lat' dir='ltr'>Molesti</span> 
     </span>
     <span class='ocr_line' id='line_1_26' title="bbox 356 3803 2500 3887; baseline -0.002 -18"><span class='ocrx_word' id='word_1_172' title='bbox 356 3809 934 3886; x_wconf 82' lang='lat' dir='ltr'>contumacesque</span> <span class='ocrx_word' id='word_1_173' title='bbox 990 3808 1147 3870; x_wconf 88' lang='lat' dir='ltr'>sunt</span> <span class='ocrx_word' id='word_1_174' title='bbox 1195 3806 1413 3887; x_wconf 85' lang='lat' dir='ltr'>pueri,</span> <span class='ocrx_word' id='word_1_175' title='bbox 1465 3821 1753 3885; x_wconf 84' lang='lat' dir='ltr'>quorum</span> <span class='ocrx_word' id='word_1_176' title='bbox 1815 3820 1947 3869; x_wconf 90' lang='lat' dir='ltr'>non</span> <span class='ocrx_word' id='word_1_177' title='bbox 2000 3803 2224 3868; x_wconf 91' lang='lat' dir='ltr'>nullos</span> <span class='ocrx_word' id='word_1_178' title='bbox 2275 3803 2500 3883; x_wconf 89' lang='lat' dir='ltr'>pictor</span> 
     </span>
     <span class='ocr_line' id='line_1_27' title="bbox 352 3927 2500 4017; baseline -0.001 -22"><span class='ocrx_word' id='word_1_179' title='bbox 352 3933 417 3995; x_wconf 89' lang='lat' dir='ltr'>in</span> <span class='ocrx_word' id='word_1_180' title='bbox 472 3934 713 4006; x_wconf 85' lang='lat' dir='ltr'>schola</span> <span class='ocrx_word' id='word_1_181' title='bbox 767 3933 1199 4017; x_wconf 83' lang='lat' dir='ltr'>indiligentes</span> <span class='ocrx_word' id='word_1_182' title='bbox 1252 3937 1366 3997; x_wconf 87' lang='lat' dir='ltr'>aut</span> <span class='ocrx_word' id='word_1_183' title='bbox 1424 3933 1673 4015; x_wconf 89' lang='lat' dir='ltr'>pugnis</span> <span class='ocrx_word' id='word_1_184' title='bbox 1722 3933 2064 3996; x_wconf 87' lang='lat' dir='ltr'>certantes</span> <span class='ocrx_word' id='word_1_185' title='bbox 2105 3927 2387 4006; x_wconf 83' lang='lat' dir='ltr'>effinxit,</span> <span class='ocrx_word' id='word_1_186' title='bbox 2432 3932 2500 3993; x_wconf 90' lang='lat' dir='ltr'>at</span> 
     </span>
     <span class='ocr_line' id='line_1_28' title="bbox 352 4054 2500 4138; baseline -0.001 -18"><span class='ocrx_word' id='word_1_187' title='bbox 352 4058 684 4138; x_wconf 89' lang='lat' dir='ltr'>plurimos</span> <span class='ocrx_word' id='word_1_188' title='bbox 739 4059 1040 4125; x_wconf 89' lang='lat' dir='ltr'>ostendit</span> <span class='ocrx_word' id='word_1_189' title='bbox 1116 4059 1518 4124; x_wconf 88' lang='lat' dir='ltr'>innocenter</span> <span class='ocrx_word' id='word_1_190' title='bbox 1586 4055 1902 4120; x_wconf 83' lang='lat' dir='ltr'>ludent-es</span> <span class='ocrx_word' id='word_1_191' title='bbox 1968 4054 2500 4136; x_wconf 85' lang='lat' dir='ltr'>parentibusque</span> 
     </span>
     <span class='ocr_line' id='line_1_29' title="bbox 354 4179 2499 4263; baseline -0.002 -18"><span class='ocrx_word' id='word_1_192' title='bbox 354 4180 808 4248; x_wconf 89' lang='lat' dir='ltr'>blandientes.</span> <span class='ocrx_word' id='word_1_193' title='bbox 851 4183 1099 4248; x_wconf 88' lang='lat' dir='ltr'>Omnes</span> <span class='ocrx_word' id='word_1_194' title='bbox 1150 4184 1216 4245; x_wconf 92' lang='lat' dir='ltr'>in</span> <span class='ocrx_word' id='word_1_195' title='bbox 1291 4181 1441 4263; x_wconf 87' lang='lat' dir='ltr'>ejus</span> <span class='ocrx_word' id='word_1_196' title='bbox 1510 4180 1760 4245; x_wconf 88' lang='lat' dir='ltr'>tabulis</span> <span class='ocrx_word' id='word_1_197' title='bbox 1827 4179 2072 4244; x_wconf 92' lang='lat' dir='ltr'>domus</span> <span class='ocrx_word' id='word_1_198' title='bbox 2132 4193 2499 4260; x_wconf 88' lang='lat' dir='ltr'>puerorum</span> 
     </span>
    </p>
   </div>
   <div class='ocr_carea' id='block_1_2' title="bbox 357 4301 2499 4468">
    <p class='ocr_par' dir='ltr' id='par_1_2' title="bbox 357 4301 2499 4468">
     <span class='ocr_line' id='line_1_30' title="bbox 357 4301 2499 4383; baseline -0.004 -13"><span class='ocrx_word' id='word_1_199' title='bbox 357 4305 710 4372; x_wconf 86' lang='lat' dir='ltr'>alacritate</span> <span class='ocrx_word' id='word_1_200' title='bbox 781 4307 1108 4374; x_wconf 89' lang='lat' dir='ltr'>renident.</span> <span class='ocrx_word' id='word_1_201' title='bbox 1168 4306 1512 4371; x_wconf 82' lang='lat' dir='ltr'>Mulierem</span> <span class='ocrx_word' id='word_1_202' title='bbox 1569 4322 1735 4371; x_wconf 85' lang='lat' dir='ltr'>vero</span> <span class='ocrx_word' id='word_1_203' title='bbox 1791 4306 2132 4371; x_wconf 89' lang='lat' dir='ltr'>curiosam</span> <span class='ocrx_word' id='word_1_204' title='bbox 2198 4301 2499 4383; x_wconf 85' lang='lat' dir='ltr'>depinxit</span> 
     </span>
     <span class='ocr_line' id='line_1_31' title="bbox 2184 4421 2213 4468; baseline 0 0"><span class='ocrx_word' id='word_1_205' title='bbox 2184 4421 2213 4468; x_wconf 81' lang='lat' dir='ltr'>o</span> 
     </span>
    </p>
   </div>
  </div>
 </body>
</html>
