3173 5096
1250 487 1604 550 -31-.

354 656 567 741 fulget
605 675 799 750 zona,
843 657 1057 742 fulget
1092 661 1160 723 ct
1195 657 1417 739 pileus
1449 657 1810 723 caeruleus
1842 659 1954 739 qui
1991 633 2201 725 aurea
2228 653 2487 724 corona

352 782 667 866 cingitur.
701 780 1160 865 Splendentet
1194 782 1349 862 equi
1381 786 1784 848 ornamenta
1813 798 1988 863 quae
2026 777 2489 865 gentis‘Medi-

351 923 515 974 ceae
557 911 847 973 stemma
886 905 1213 972 referunt.
1252 905 1542 972 Puerum
1584 922 1820 990 regem
1860 907 2041 991 pagii
2079 908 2486 974 comitantur

352 1033 609 1104 lanceis
651 1032 1199 1116 pugionibusque
1240 1031 1528 1096 armati:
1565 1028 1678 1096 hic
1727 1031 1961 1097 ensem
2013 1030 2167 1111 fert,
2211 1031 2326 1098 ille
2360 1049 2485 1099 vas

352 1156 897 1240 unguentarium.
929 1155 1094 1221 Post
1128 1171 1281 1221 eum
1321 1155 1764 1222 incedit'avus
1801 1154 2112 1222 Cosimus
2152 1141 2486 1222 Florenti-

350 1297 595 1347 norum
628 1280 806 1363 apud
839 1280 1338 1346 multitudinem
1367 1281 1660 1345 maxima
1679 1277 1916 1363 'gratia
1942 1285 2268 1362 acceptus
2306 1282 2488 1362 prin-

352 1411 559 1489 ceps;
589 1405 992 1473 llle'solerti
1029 1403 1322 1488 quadam
1373 1401 1785 1470 verecundia
1834 1405 2187 1488 vulgarem
2234 1406 2487 1486 pileum

352 1530 674 1610 servavit,
717 1530 839 1596 sed
876 1530 1025 1613 eJus
1065 1546 1313 1613 equum
1362 1530 1688 1612 pedester
1733 1526 2148 1595 antecedens
2190 1528 2484 1596 famulus

349 1655 807 1737 nudo'capite
852 1656 1106 1738 pileum
1157 1658 1554 1722 reverenter
1608 1654 1888 1719 sinistra
1934 1670 2135 1719 manu
2187 1650 2382 1721 tenet
2417 1660 2486 1722 et

351 1779 597 1846 dextra
630 1781 1021 1865 pugionem.
1066 1778 1379 1845 Cosimus
1419 1775 1666 1844 habitu'
1686 1773 1917 1863 gravis
1953 1780 2297 1861 quomodo
2336 1797 2480 1847 rem

349 1901 749 1971 familiarem
787 1905 1185 1987 amplasque
1225 1903 1498 1970 divitias
1541 1905 1738 1986 gerat
1776 1901 2265 1970 et‘Florentiae
2312 1906 2479 1971 civi-

348 2030 511 2095 tatis
553 2029 868 2095 consulat
911 2027 1204 2094 fortunis
1250 2026 1635 2092 meditatur.
1679 2026 1879 2092 Juxta
1917 2044 2071 2093 eum
2115 2044 2156 2092 a
2203 2029 2480 2095 sinistra

348 2151 529 2219 filius
570 2158 679 2219 est
720 2152 961 2219 Petrus
1008 2152 1201 2235 cujus
1244 2153 1448 2233 caput
1493 2154 1751 2216 tantum
1791 2154 2113 2229 cernitur,
2158 2170 2200 2219 a
2238 2153 2479 2221 dextra

349 2295 516 2346 vero
558 2276 770 2344 frater
809 2277 1140 2344 sacerdos
1172 2277 1353 2343 mulo
1383 2276 1657 2344 vehitur
1683 2279 1762 2342 ‘et
1792 2293 2059 2343 sacram
2097 2280 2475 2346 orationem

350 2405 728 2485 componit,
795 2401 953 2468 dum
1034 2418 1290 2485 propre
1372 2402 1624 2467 mulum
1664 2401 2024 2485 'Aethiops
2094 2402 2477 2471 sacerdotis

347 2527 646 2595 famulus
690 2544 920 2595 arcum
968 2530 1175 2594 tenet.
1224 2524 1612 2609 Insequitur
1639 2525 1849 2593 'turba
1881 2543 2118 2594 eorum
2162 2529 2281 2612 qui·
2315 2532 2477 2597 tunc

345 2654 572 2719 villam
617 2654 797 2735 apud
836 2651 1237 2736 Careggium
1274 2651 1735 2726 celebrabant,
1776 2653 1888 2718 ubi
1924 2653 2276 2720 Platonica
2313 2655 2481 2721 Aca-

314 2779 573 2845 demia
645 2776 1176 2844 instaurabatur.
1240 2774 1596 2858 Opulentis
1664 2776 2164 2845 mercatoribus
2237 2778 2480 2847 Graeci

351 2901 699 2985 Italicique
774 2903 957 2968 docti
1030 2903 1422 2967 miscentur.
1485 2901 1673 2969 Pileo
1732 2904 1998 2971 cuidam
2066 2907 2192 2972 sic·
2234 2907 2482 2991 legitur

348 3027 789 3109 inscriptum:
825 3047 989 3115 opus
1018 3023 1310 3104 Benotii3
1354 3027 1711 3093 modestus
1743 3034 1851 3095 est
1880 3033 1948 3095 et
1981 3032 2163 3096 mitis
2199 3029 2480 3113 pictoris

346 3148 573 3213 vultus
607 3164 843 3225 rasus;
874 3151 1174 3215 attamen
1202 3151 1490 3234 angulus
1523 3153 1729 3218 menti
1758 3158 1827 3219 et
1857 3151 2211 3220 contracta
2245 3173 2484 3238 super-

348 3272 508 3337 cilia
575 3274 869 3338 animum
931 3289 1177 3358 magna
1241 3277 1630 3343 molientem
1707 3280 2185 3363 propositique
2252 3282 2476 3348 virum

344 3398 656 3461 tenacem
725 3395 1129 3479 significant.
1208 3399 1304 3463 Ex
1376 3400 1667 3484 abrupto
1743 3407 1972 3469 monte
2057 3405 2479 3472 descendunt

347 3521 613 3602 equites
663 3520 838 3585 inter
894 3537 1069 3603 quos
1121 3523 1448 3604 pulchrae
1503 3526 1571 3589 in
1631 3526 1861 3592 babitu
1913 3529 2093 3593 virili
2138 3530 2479 3597 notandae
2589 3506 2592 3510 ¹

345 3647 504 3710 sunt
542 3644 838 3726 puellae.
873 3644 1029 3710 Pica
1074 3648 1141 3710 in
1185 3648 1322 3713 alto
1371 3652 1439 3714 et
1473 3650 1630 3715 alba
1659 3652 1977 3718 columba
2014 3670 2058 3718 a
2095 3652 2477 3721 falconibus

344 3771 695 3850 urgentur.
734 3766 955 3833 Medio
988 3769 1164 3835 clivo
1197 3787 1410 3853 eques
1444 3773 1833 3842 lancearius
1869 3781 1938 3843 et
1974 3780 2240 3863 vertagi
2286 3796 2477 3846 acer-

346 3892 493 3956 rimi
517 3892 1119 3985 vehementissime
1145 3911 1417 3964 cervam
1450 3900 1819 3983 exagitant.
1848 3900 1919 3964 ln
1950 3903 2138 3985 rupis
2166 3902 2476 3972 anfractu

343 4015 576 4081 timide
633 4016 800 4083 latet
848 4019 1045 4101 lepus
1103 4036 1304 4103 quem
1354 4024 1544 4088 canis
1595 4022 1850 4091 frustra
1904 4028 2195 4109 quaerit.
2258 4028 2479 4096 Vinci-

347 4140 594 4221 gliatae
633 4142 876 4208 similis
903 4144 969 4207 in
997 4146 1275 4212 excelso
1308 4147 1482 4215 colle
1510 4151 1777 4216 castelli
1813 4154 2040 4219 turres
2070 4161 2470 4239 exsurgunt.

435 4263 557 4329 Hic
611 4267 837 4331 omnia
877 4267 1147 4335 divitias
1187 4276 1279 4338 et·
1322 4273 1884 4357 magnificentiam
1926 4277 2245 4344 indicant.
2294 4277 2477 4345 Atta-
