3173 5096
434 666 552 743 vit,
587 662 745 734 dum
775 661 1200 746 Augustinus
1230 662 1729 749 cogitabundus
1763 654 2067 745 pallium,
2095 675 2177 729 ne
2204 664 2564 730 molestum

433 789 520 855 sit
540 787 821 866 homini,
849 804 1048 853 manu
1074 787 1346 852 attollit.
1365 785 1521 854 Mox
1538 786 1810 871 juvenis
1826 787 1908 853 ad
1932 787 2146 871 pedes
2176 788 2565 862 Theodosio

433 912 822 995 procumbit
855 912 973 994 qui
997 910 1349 995 benignus
1370 927 1610 977 manus
1641 911 1953 995 porrigit.
1988 911 2059 975 ln
2101 911 2341 979 dextra
2366 917 2565 995 parte

392 1086 399 1095 .
433 1037 703 1103 tabulae
770 1033 1222 1120 Augustinum
1288 1035 1514 1102 animo
1581 1038 1965 1117 permotum
2030 1036 2341 1103 videmus
2411 1054 2564 1104 cum

435 1160 573 1226 adit
614 1158 1101 1226 Ambrosium:
1148 1158 1534 1226 verecunde
1598 1174 1675 1225 se
1730 1156 2090 1240 submittit,
2138 1164 2207 1227 et
2255 1164 2562 1227 sanctum

430 1286 649 1353 virum
691 1286 993 1350 intuetur
1031 1284 1370 1350 sollicitus
1417 1286 1487 1349 et
1533 1284 1730 1365 quasi
1770 1283 2201 1368 interrogans
2250 1302 2335 1350 an
2384 1284 2562 1368 apud

433 1426 587 1476 eum
643 1409 803 1475 mali
863 1410 1170 1475 levamen
1219 1407 1474 1490 aliquid
1539 1408 1938 1475 inventurus
1991 1408 2102 1475 sit.
2163 1407 2567 1476 Ambrosius

434 1533 894 1601 adolescentis
943 1535 1301 1614 utramque
1349 1549 1618 1598 manum
1669 1533 1883 1600 amice
1937 1533 2207 1616 premit,
2266 1533 2462 1616 quasi
2497 1534 2565 1598 in

433 1662 724 1725 mentem
763 1658 990 1724 veniat
1022 1673 1222 1739 quam
1273 1655 1553 1723 difficile
1593 1659 1663 1723 et
1702 1656 1987 1723 arduum
2035 1674 2214 1739 opus
2265 1656 2565 1725 futurum

435 1783 525 1849 sit
563 1782 751 1847 illum
784 1780 1155 1864 Juvenilem
1191 1796 1437 1847 sanare
1478 1781 1800 1846 animum.

522 1905 595 1969 ln
626 1905 857 1971 tabula
890 1920 1070 1970 nona
1107 1905 1527 1989 Augustinus
1551 1921 1705 1970 cum
1741 1903 2100 1970 Ambrosio
2143 1903 2226 1970 de
2257 1906 2566 1987 philoso-

435 2029 598 2111 phia
652 2028 997 2111 disputat3
1052 2028 1358 2095 modeste
1406 2028 1679 2111 Juvenis
1729 2022 2030 2094 rationes
2084 2045 2247 2093 suas
2288 2028 2566 2109 exponit

434 2169 610 2235 quas
639 2153 863 2219 serius
918 2155 986 2218 et
1024 2153 1208 2218 mitis
1239 2151 1592 2236 redarguit
1630 2152 2023 2234 episcopus,
2071 2149 2228 2216 Mox
2266 2152 2568 2218 cernitur

434 2276 720 2342 Monica.
787 2299 818 2333 «
850 2275 997 2341 Jam
1039 2279 1323 2343 venerat
1375 2274 1459 2341 ad
1506 2291 1641 2354 me,
1713 2263 1924 2342 refert
1975 2273 2068 2362 (1)
2121 2273 2560 2360 Augustinus,

435 2404 653 2467 mater
703 2400 955 2483 pietate
1011 2398 1235 2477 fortis,
1292 2402 1479 2466 terra
1535 2400 1844 2481 marique
1879 2415 1984 2465 me
2023 2415 2343 2480 sequens.
2386 2424 2414 2457 ι
2454 2399 2566 2465 Ad

437 2522 778 2592 Ambrosii
824 2523 1041 2607 pedes
1078 2540 1154 2591 se
1201 2523 1432 2609 abjicit
1464 2525 1578 2607 pia
1616 2527 1835 2591 mater
1872 2539 2027 2590 eum
2075 2524 2453 2592 obsecrans
2493 2528 2567 2591 ut

431 2649 642 2716 filium
690 2649 776 2717 ad
829 2650 1271 2716 christianam
1322 2648 1523 2716 fldem
1568 2648 1903 2731 perducat
1941 2666 1956 2714 :
2016 2674 2050 2707 «
2093 2649 2426 2734 Diligebat
2468 2646 2562 2736 (2.)

432 2777 657 2841 autem
701 2771 901 2840 illum
943 2774 1163 2843 virum
1210 2773 1386 2847 sicut
1427 2774 1740 2858 angelum
1783 2772 1927 2852 Dei,
1984 2771 2166 2855 quod
2207 2790 2333 2855 per
2377 2774 2566 2840 illum

435 2902 853 2982 cognoverat
881 2914 988 2964 me
1020 2898 1290 2965 interim
1317 2897 1401 2963 ad
1440 2898 1625 2964 iilam
1657 2899 2023 2979 ancipitem
2056 2896 2566 2965 fluctuationem

426 3021 564 3105 Jam
595 3037 752 3089 esse
779 3021 1207 3104 perductum,
1231 3038 1356 3104 per
1392 3038 1595 3104 quam
1621 3023 2063 3087 transiturum
2086 3021 2568 3107 meabaegri·

431 3146 660 3212 tudine
720 3145 805 3212 ad
864 3147 1248 3224 sanitatem,
1306 3146 1803 3213 intercurrente
1867 3148 2164 3214 arctiore
2201 3148 2560 3229 periculo,

430 3271 627 3352 quasi
690 3287 815 3353 per
877 3272 1349 3337 accessionem
1409 3287 1611 3352 quam
1656 3270 1962 3337 criticam
2018 3271 2264 3339 medici
2318 3277 2567 3340 vocant

432 3399 622 3461 certa
651 3396 1153 3477 praesumebat.
1192 3420 1224 3454 »

526 3519 598 3583 ln
674 3520 915 3587 dextra
1000 3524 1194 3602 parte
1271 3520 1544 3586 tabulae
1621 3520 1995 3604 episcopus
2073 3537 2160 3587 ex
2238 3519 2569 3587 cathedra

435 3642 792 3724 praedicat
836 3648 904 3710 et
955 3641 1196 3710 fideles
1237 3643 1571 3709 bortatur.
1612 3641 1695 3708 At
1728 3643 1975 3725 partim
2019 3643 2391 3716 deletabest
2433 3644 2567 3727 pic·

433 3772 625 3844 tura3
658 3768 1108 3852 Augustinum
1148 3772 1373 3834 tamen
1422 3767 1877 3833 discernimus
1911 3768 2026 3850 qui
2066 3771 2348 3850 opertos
2384 3772 2569 3836 tenet

436 3893 705 3968 oculos,
738 3910 869 3959 non
913 3893 1073 3975 quia
1113 3908 1353 3959 somno
1392 3892 1692 3958 vincitur
1735 3891 1857 3959 sed
1907 3896 1979 3958 ut
2018 3895 2236 3959 totum
2274 3894 2568 3961 animum

432 4018 499 4080 in
540 4017 851 4100 episcopi
891 4017 1104 4083 verba
1134 4015 1464 4083 intendat.
1510 4016 1696 4083 Inter
1725 4016 2048 4084 mulieres
2083 4034 2282 4100 quae,
2313 4021 2386 4083 ut
2416 4034 2567 4083 mos

504 4192 580 4260 (1)
613 4191 1002 4259 Confessiones‚
1027 4191 1175 4246 liber
1204 4191 1293 4258 vl,
1325 4196 1501 4262 caput
1530 4209 1566 4247 1.

508 4281 583 4350 (2)
616 4282 1008 4347 ConfessioneS,
1036 4279 1181 4336 liber
1205 4280 1292 4350 Vi,
1325 4286 1499 4352 caput
1529 4299 1562 4336 1.
