3173 5096
1507 553 1859 616 -68-

615 719 906 800 primum
938 722 1270 785 somnium
1301 721 1627 787 fratribus
1661 726 2083 800 narrantem3
2119 727 2186 787 at
2221 739 2375 788 eum
2416 723 2772 789 habemus*

618 843 774 907 dum
808 844 1178 910 secundum
1216 848 1551 911 somnium
1578 848 1702 911 toti
1733 845 2026 913 familiae
2064 848 2344 927 exponit
2379 864 2393 910 :
2433 872 2463 905 «
2494 845 2747 931 Vidi(1)

618 984 742 1048 per
777 968 1111 1033 somnium
1161 970 1355 1051 quasi
1404 971 1621 1036 solem
1660 976 1727 1036 et
1762 971 2012 1049 lunam,
2049 975 2118 1035 et
2156 969 2394 1037 stellas
2436 971 2748 1037 undecim

617 1091 904 1158 adorare
946 1109 1074 1157 me.
1117 1092 1307 1170 Quod
1343 1110 1494 1159 cum
1532 1094 1710 1176 patri
1742 1112 1870 1160 suo
1923 1100 1991 1162 et
2023 1094 2351 1160 fratribus
2396 1097 2751 1178 retulisset

615 1215 990 1297 increpavit
1037 1233 1189 1283 eum
1249 1222 1445 1299 pater
1489 1236 1659 1284 suus
1696 1222 1763 1284 et
1809 1218 1974 1282 dixit
2009 1235 2024 1281 :
2061 1217 2230 1295 Quid
2264 1219 2397 1284 sibi
2435 1220 2580 1284 vult
2619 1220 2750 1284 hoc

616 1341 950 1408 somnium
986 1342 1167 1423 quod
1216 1342 1487 1408 vidisti?
1514 1342 1682 1407 Num
1727 1359 1856 1427 ego
1890 1346 1958 1409 et
1996 1347 2214 1408 mater
2253 1348 2367 1408 tua
2394 1346 2462 1409 et
2501 1341 2751 1408 fratres
2845 1345 2848 1348 ’

614 1464 709 1528 tui
746 1465 1184 1531 adorabimus
1227 1470 1289 1532 le
1338 1483 1548 1546 super
1588 1467 1889 1532 terram?
1933 1491 1963 1525 »
2004 1464 2252 1533 Omnes
2302 1468 2457 1532 illos
2508 1481 2752 1549 super-

614 1588 793 1652 biam
832 1587 1088 1670 Joseph
1115 1589 1545 1673 indignantes
1578 1591 2032 1656 solertissime
2071 1590 2744 1672 depinxitBenotiuS.

701 1711 977 1777 Fratres
1015 1712 1271 1794 Joseph
1312 1713 1557 1779 deinde
1591 1715 1832 1795 procul
1870 1716 2214 1780 cernimus
2250 1716 2364 1797 qui
2397 1732 2562 1781 oves
2594 1733 2751 1796 pas-

616 1839 894 1917 cuntur;
928 1838 1151 1919 pergit
1199 1838 1283 1903 ad
1333 1854 1456 1904 eos
1507 1839 1885 1903 somniator
1948 1839 2142 1923 cujus
2197 1844 2486 1906 mortem
2538 1841 2752 1906 medi-

614 1964 862 2026 tantur.
906 1959 1061 2026 Mox
1086 1978 1239 2058 eum
1276 1963 1342 2025 in
1373 1963 1739 2027 cisterna-m
1777 1961 2136 2030 demittunt
2166 1968 2233 2031 et
2267 1964 2415 2047 eJus
2457 1965 2748 2030 tunicam

616 2084 818 2150 hoedi
874 2086 1200 2169 sanguine
1259 2088 1538 2152 tinctam
1599 2086 1682 2151 ab
1749 2089 2010 2167 patrem
2064 2083 2289 2150 ferunt
2340 2084 2455 2166 qui
2499 2085 2748 2151 acerbo

574 2208 853 2274 *dolore
915 2209 1505 2276 conficitur.‘lllas
1564 2226 1825 2292 poenas
1887 2208 2022 2274 tert
2054 2207 2263 2274 Jacob
2311 2209 2425 2290 qui
2472 2207 2749 2273 fratrem

616 2333 797 2399 Esaii
841 2337 1028 2399 tanta
1070 2333 1316 2417 injuria
1350 2334 1698 2400 affecerat.
1740 2331 2011 2398 Interea
2060 2335 2438 2398 extractum
2493 2332 2576 2398 de
2614 2333 2749 2397 cis-

618 2462 812 2524 terna
883 2458 1137 2539 Josepb
1198 2458 1561 2524 Madianito
1623 2458 2034 2541 negotiatori
2117 2456 2367 2522 fratres
2423 2456 2743 2522 vendunt.

616 2567 1012 2666 Negotiator
1087 2583 1170 2648 ad
1243 2584 1516 2648 domum
1600 2582 1989 2664 Putipbaris
2071 2598 2221 2646 cum
2300 2584 2609 2663 pervenit
2688 2582 2748 2647 ei

614 2706 870 2790 Josepb
904 2708 1265 2775 ‘emendum
1292 2709 1635 2790 proponit.
1675 2706 1821 2772 Jam
1857 2706 2055 2785 adest
2079 2709 2302 2772 aetate
2329 2705 2583 2772 florens
2617 2705 2752 2772 for·

617 2849 944 2915 mosaque
992 2832 1378 2914 Putipharis
1423 2850 1594 2898 uxor
1642 2847 1814 2914 quae
1851 2832 2081 2896 vetulo
2124 2832 2367 2896 marito
2405 2830 2649 2896 suadet
2679 2836 2751 2897 ut

617 2958 1009 3037 speciosum
1040 2974 1325 3038 puerum
1353 2960 1728 3039 comparet.
1769 2955 2187 3039 Negotiatori
2222 2954 2427 3038 igitur
2465 2956 2753 3036 pecunia

617 3083 1029 3145 numeratur.
1073 3081 1324 3147 Deinde
1366 3080 1754 3163 Putipharis
1817 3079 2052 3146 uxoris
2108 3076 2342 3144 infelix
2399 3080 2749 3160 inceptum

619 3203 1049 3270 describitur.
1114 3205 1318 3271 Lecto
1359 3207 1594 3271 nititur
1647 3205 1794 3270 sola
1843 3205 2176 3269 subucula
2217 3203 2451 3268 induta
2508 3204 2752 3270 mulier

616 3334 853 3396 tenera
895 3345 1067 3411 quae
1118 3331 1475 3410 pulchrum
1525 3333 1771 3411 pectus
1823 3327 2079 3394 frustra
2117 3326 2397 3392 nudavit
2431 3325 2553 3413 (2),
2597 3345 2749 3391 nam

690 3541 764 3611 (1)
793 3541 955 3603 Liber
983 3539 1222 3607 GenesiS,
1257 3543 1431 3610 caput
1456 3556 1659 3606 xxxvn,
1690 3542 1743 3605 9,
1783 3542 1864 3594 10.

691 3630 766 3702 (2)
806 3622 1143 3700 putipharis
1172 3645 1316 3683 uxor
1353 3645 1388 3682 a
1428 3627 1673 3682 Benotio
1714 3628 1989 3700 depincta
2010 3625 2366 3682 Florentinis
2397 3624 2750 3680 mulieribus

617 3719 1014 3790 comparanda
1046 3721 1134 3773 est
1161 3734 1309 3790 quas
1335 3717 1418 3771 sic
1445 3716 1789 3789 increpabat
1818 3733 2058 3772 severus
2086 3715 2304 3770 Dantes
2332 3722 2506 3787 poeta
2538 3732 2551 3769 :

1014 3846 1211 3913 Tempe
1234 3845 1435 3910 futuro
1467 3843 1565 3896 m'e
1588 3845 1683 3910 qia
1712 3843 1800 3896 nel
1826 3848 2066 3911 cospetto

1009 3933 1109 3988 Cui
1138 3949 1249 3986 non
1278 3935 1407 3986 sarci
1433 3931 1610 4000 quest'
1632 3947 1732 3986 ora
1761 3931 1931 3984 molto
1958 3932 2146 3984 antica

1007 4056 1110 4110 Nel
1135 4057 1267 4124 qual
1288 4058 1416 4110 sard
1442 4057 1502 4107 in
1529 4069 1796 4122 perqamo
1822 4054 2119 4107 interdetlo

1008 4145 1134 4198 Alle
1157 4145 1422 4210 sfacciate
1446 4144 1623 4198 donne
1647 4146 1941 4212 florentine

1007 4232 1249 4286 L'andar
1278 4233 1595 4286 mostrando
1623 4249 1723 4286 con
1750 4233 1798 4286 le
1826 4247 2005 4301 poppe
2031 4231 2072 4282 il
2098 4235 2317 4299 ponc...

1712 4322 2085 4389 (Purqatorio,
2115 4336 2265 4386 xxm,
2300 4324 2351 4385 9,
2386 4320 2458 4388 8).
