3173 5096
1572 481 1926 543 -14-
2022 546 2045 566 ‚

680 647 829 712 tulit
904 639 1373 729 ubifflquatuor
1452 664 1669 714 annos
1764 653 2156 732 permansit.
2238 655 2625 724 Delectatus
2703 666 2811 728 est

680 775 904 853 pictor
937 789 1149 855 parva
1183 774 1299 838 illa
1329 774 1605 843 civitate
1647 777 1800 843 altis
1848 779 2148 845 turribus
2184 783 2507 863 superba,
2568 789 2636 851 et
2690 785 2811 852 Se-

677 902 1007 972 nensium‘
1067 906 1402 972 artificum
1493 905 1791 971 candore
1871 909 1941 970 et
2022 910 2386 973 vetustate.
2481 909 2808 978 Dominici

676 1030 930 1096 Bartoli
984 1032 1291 1113 picturas
1351 1047 1528 1113 quae
1592 1028 1787 1096 Senis
1847 1030 2416 1097 valetudinarium
2476 1034 2809 1103 adornant

675 1156 1088 1239 cognovisse
1135 1159 1203 1222 et
1242 1156 1547 1220 imitatus
1604 1153 1821 1219 fuisse
1871 1153 2165 1220 videtur.
2212 1155 2353 1221 Non
2406 1158 2592 1223 nulla
2636 1175 2809 1227 vero

674 1279 862 1345 finxit
901 1297 1116 1360 oper-a
1156 1281 1223 1343 in
1263 1280 1431 1345 urbe
1484 1277 1798 1344 Certaldo
1841 1278 1955 1343 ubi
2003 1277 2272 1344 Ioannis
2318 1279 2601 1348 Boccaci
2665 1302 2806 1352 me-

673 1403 890 1468 moria
961 1403 1255 1486 vigebat.
1299 1402 1681 1468 Verisimile
1750 1405 1856 1468 est
1931 1399 2181 1469 bonum
2255 1405 2614 1486 pictorem,
2670 1408 2804 1476 etsi

673 1527 892 1592 sacris
923 1527 1232 1592 historiis
1259 1528 1632 1609 praecipue
1662 1544 1943 1609 operam
1971 1527 2197 1604 dabat,
2236 1530 2453 1595 laetas
2485 1531 2802 1599 Decame-

673 1653 859 1717 ronis
922 1668 1056 1717 non
1112 1653 1463 1733 sprevisse
1528 1651 1830 1727 fabulas;
1907 1653 2009 1717 sic
2059 1624 2370 1719 *animum
2448 1656 2802 1723 relaxabat

669 1795 867 1860 quem
935 1777 1089 1841 libri
1155 1777 1290 1842 divi
1361 1776 1717 1861 Augustini
1790 1781 2284 1855 exercuerant;
2363 1796 2513 1844 nam
2584 1783 2801 1847 sancti

669 1904 978 1985 episcopi
1010 1901 1487 1969 confessiones
1514 1906 1808 1983 quatuor
1838 1918 2052 1967 annos
2106 1902 2471 1969 meditatus
2502 1908 2610 1970 est
2643 1904 2799 1970 dum

669 2027 818 2110 ejus
855 2027 1062 2093 vitam
1108 2028 1176 2091 in
1209 2026 1698 2107 septemdecim
1739 2027 1989 2092 tabulis
2030 2026 2461 2110 depingebat,
2498 2031 2567 2094 et
2601 2029 2799 2094 simul

668 2152 1027 2217 doctorum
1055 2151 1437 2232 aequalium
1467 2167 1747 2216 suorum
1767 2151 2115 2234 elegantes
2138 2128 2369 2218 mores
2385 2153 2792 2234 exponebat.

656 2274 661 2277 ’
756 2275 1281 2357 lntereamajus
1332 2276 1537 2341 etiam
1585 2274 1670 2339 ad
1720 2291 1896 2355 opus
1925 2275 2341 2352 vocabatur;
2386 2293 2538 2341 nam
2571 2276 2798 2350 Pisani

666 2402 993 2484 parictem
1023 2400 1419 2466 coemeterii
1446 2402 1717 2465 centum
1742 2416 1994 2480 passus
2021 2400 2298 2484 longum
2332 2401 2415 2466 ad
2447 2401 2795 2483 explican-

665 2526 789 2593 das
829 2524 1067 2592 ordine
1111 2525 1376 2591 Veteris
1431 2523 1849 2590 Testamenti
1894 2525 2221 2592 historias
2276 2528 2796 2594 commiserunt.

667 2659 836 2724 Nulli
870 2675 1162 2740 unquam
1197 2656 1444 2738 pictori
1484 2660 1623 2721 tam
1652 2660 1889 2722 vastus
1919 2669 2297 2721 concessus
2337 2654 2445 2718 est
2474 2667 2792 2733 campus,

668 2785 847 2850 Haec
870 2784 1043 2849 inter
1065 2782 1299 2849 felices
1322 2782 1500 2848 vitae
1526 2779 1790 2846 Benotii
1821 2780 2370 2863 opportunitates
2397 2775 2794 2843 felicissima

665 2907 797 3001 dici
826 2910 1080 2989 potest.
1117 2905 1255 2971 Illis
1285 2904 1675 2992 ingentibus
1708 2905 1993 2988 picturis
2026 2903 2411 2987 quindecim
2443 2919 2657 2967 annos
2686 2918 2794 2966 ar-

665 3036 794 3096 tem
825 3037 894 3096 et
924 3031 1228 3097 laborem
1261 3030 1470 3095 dedit.
1506 3029 1773 3111 Aliquid
1804 3029 2007 3111 spatii
2041 3029 2329 3095 vacabat
2352 3044 2561 3108 supra
2589 3043 2790 3092 unam

662 3155 1044 3219 tabularum
1059 3172 1259 3236 quam
1279 3153 1456 3220 forte
1478 3156 1629 3235 ipse
1649 3156 1943 3220 omnium
1976 3153 2501 3236 pulcherrimam
2520 3151 2800 3234 judica-

661 3279 778 3344 bat
799 3297 813 3357 ;
851 3279 1077 3360 ibique
1105 3281 1234 3344 hos
1263 3280 1542 3360 scripsit
1564 3296 1808 3346 versus
1828 3296 2001 3362 quos
2022 3278 2322 3344 dictabat
2343 3276 2603 3341 amicus
2634 3278 2789 3358 qui-

661 3403 816 3469 dam
841 3407 1069 3484 poeta.

870 3668 1023 3737 Quid
1051 3657 1276 3741 spectas
1300 3665 1593 3736 volucresx,
1625 3669 1814 3742 pisces
1843 3671 1901 3724 et
1927 3671 2193 3724 monstra
2216 3667 2497 3735 ferarum,

933 3757 1001 3813 Et
1026 3758 1244 3815 virides
1273 3758 1450 3814 silvas
1477 3759 1905 3829 aethereasque
1930 3757 2180 3813 domos?

864 3847 934 3902 Et
961 3863 1189 3918 puerOS,
1216 3848 1483 3919 juveneS,
1515 3854 1751 3912 matreS‚
1784 3863 2081 3919 canosque
2106 3850 2400 3917 parenteS,

935 3935 1113 4001 Queis
1136 3952 1372 4008 semper
1397 3936 1600 3992 vivum
1628 3936 1810 4008 spirat
1840 3937 1901 3990 in
1942 3952 2042 3991 ore
2068 3934 2286 3991 decus?

865 4021 991 4077 Non
1015 4023 1160 4079 haec
1185 4028 1305 4078 tarn
1333 4024 1511 4080 variis
1536 4024 1702 4079 finxit
1728 4023 2048 4079 simulacra
2077 4022 2281 4094 figuris

936 4108 1158 4166 Natura
1184 4113 1421 4182 ingenio
1452 4112 1707 4167 foetibus
1733 4116 1868 4184 apta
1897 4129 2003 4167 suo
2033 4129 2044 4165 :

866 4197 963 4253 Est
994 4215 1140 4271 opus
1170 4202 1410 4256 artificis
1447 4219 1459 4255 ε
1486 4201 1674 4273 pinxit
1703 4201 1839 4255 viva
1867 4217 1971 4255 ora
2002 4200 2268 4256 Benoxus
2301 4218 2314 4255 ε

935 4287 979 4343 Ο
1010 4288 1205 4358 superi
1237 4288 1403 4343 vivos
1434 4289 1661 4344 fundite
1694 4290 1753 4343 in
1787 4305 1889 4343 ora
1918 4305 2114 4344 sonos,
