3173 5096
1311 532 1619 594 ..5—

397 699 512 764 Dei
545 703 1073 779 sanctorumque
1100 716 1301 781 quam
1327 702 1611 765 maxime
1648 701 1975 766 amabiles
2007 699 2340 783 lingerent
2373 700 2530 764 ima-

395 824 614 906 gines.
649 821 895 890 Sacrae
936 841 1101 889 vero
1136 824 1515 904 scripturae
1558 842 1670 891 res
1709 843 1882 907 quae
1924 823 2302 891 artificibus
2341 826 2533 891 illus-

398 948 679 1013 trandae
716 949 1276 1043 proponebantur
1319 966 1555 1029 parum
1599 955 1754 1032 apte
1795 950 2214 1024 describunt,
2263 949 2419 1045 inde
2460 948 2534 1014 fit

398 1076 469 1138 ut
505 1071 721 1155 major
759 1073 1042 1139 libertas
1087 1072 1381 1158 fingendi
1418 1077 1759 1151 maneret3
1805 1074 2099 1140 nondum
2142 1076 2366 1139 autem
2398 1074 2536 1139 alta

395 1197 783 1280 cognitione
822 1197 1033 1277 prisci
1076 1199 1405 1280 temporis
1439 1198 2002 1281 impediebantur.
2055 1196 2164 1263 Sic
2195 1197 2352 1264 dum
2394 1198 2531 1263 his-

391 1322 607 1387 torias
639 1338 877 1387 sacras
910 1322 1557 1404 interpretabantur,
1596 1325 1805 1390 multa
1836 1323 2165 1389 creabant
2194 1323 2523 1405 pictores.

393 1444 725 1512 Maximus
791 1444 966 1512 forte
1025 1448 1322 1513 omnium
1382 1448 1694 1515 inventor
1740 1445 1865 1513 suit
1915 1446 2261 1515 Benotius.
2322 1444 2528 1512 Ruris

390 1574 629 1637 vastos
672 1576 1113 1652 prospectus,
1160 1573 1560 1649 animanteS,
1608 1572 1845 1650 urbeS,
1893 1570 2164 1650 domuS‚
2217 1572 2529 1637 homines

394 1695 676 1760 creavit.
733 1695 1033 1777 Denique
1083 1696 1374 1762 mundus
1423 1698 1532 1763 est
1584 1695 1846 1762 Benotii
1911 1712 2112 1776 quem
2170 1696 2527 1776 explorare

395 1818 814 1896 conabimur,
849 1835 1079 1886 mores
1109 1819 1480 1902 praecipue
1502 1820 1950 1902 inspicientes
1980 1823 2050 1886 et
2072 1836 2322 1886 causas
2353 1835 2525 1913 quae

393 1941 485 2006 ibi
507 1942 1061 2009 demonstrantur
1084 1944 1524 2010 beatitudinis
1546 1948 1615 2010 et
1635 1945 1968 2010 adversae
1995 1942 2172 2010 fortu
2184 1959 2332 2009 nac.
2360 1943 2527 2010 Poe·

394 2066 593 2131 ticam
641 2067 856 2151 magis
905 2084 1104 2149 quam
1163 2069 1708 2150 philosophicam
1755 2068 2025 2134 ethicen
2080 2067 2520 2145 habebimus3

392 2192 513 2258 sed
545 2193 716 2275 ipsis
757 2195 981 2276 poetis
1015 2193 1216 2258 datur
1244 2193 1607 2276 aliquando
1645 2210 1804 2259 esse
1847 2193 2297 2275 sapientibus.

480 2317 660 2396 Quae
714 2335 891 2384 nunc
938 2318 1020 2386 de
1064 2319 1345 2385 Benotio
1397 2319 1738 2400 inquirere
1774 2335 2125 2395 conamur,
2165 2317 2249 2382 de
2296 2318 2524 2382 multis

390 2444 540 2509 aliis
591 2444 772 2509 illius
824 2444 1049 2511 clarae
1104 2445 1349 2509 aetatis
1407 2443 1789 2525 pictoribus
1838 2441 2387 2523 sculptoribusve
2429 2441 2525 2504 in-

390 2569 721 2650 quirenda
788 2573 1043 2636 essent.
1122 2569 1472 2635 Benotium
1542 2568 1874 2653 elegimus
1937 2584 2136 2649 quem
2209 2583 2521 2650 magnum

391 2693 660 2774 quidem
699 2693 873 2760 inter
911 2694 1244 2759 maximos
1275 2694 1772 2773 existimamus,
1807 2697 1874 2758 et
1917 2691 2066 2774 eJus
2102 2708 2317 2772 opera
2349 2707 2522 2771 quae

391 2821 762 2900 supersunt
793 2835 1100 2896 numero,
1124 2818 1607 2901 magnitudine,
1647 2817 1977 2883 varietate
2010 2813 2272 2897 majora
2293 2814 2522 2898 cujus-

390 2944 494 3011 vis
525 2943 809 3009 artificis
836 2943 1162 3023 operibus
1184 2941 1595 3024 judicamus.
1638 2941 1941 3008 Pessima
1973 2922 2245 3023 quidem
2273 2942 2347 3004 ut
2382 2940 2523 3021 ple-

392 3085 673 3152 rumque
734 3067 1003 3148 accidit,
1061 3065 1344 3134 refectio
1409 3066 1533 3132 fuit
1579 3068 2002 3149 picturarum
2055 3064 2279 3130 Sancti
2330 3063 2521 3130 Gem-

388 3194 593 3259 iniani
633 3195 700 3260 et
739 3191 964 3257 Monte
1020 3191 1337 3269 Falcone,
1384 3192 1867 3275 perieruntque
1900 3191 2222 3257 nonnulla
2261 3190 2519 3271 ampla-

390 3335 535 3383 rum
575 3317 750 3383 Pisis
792 3316 1265 3395 historiarum3
1305 3315 1427 3383 sed
1461 3317 1662 3399 pauci
1694 3319 1852 3381 sunt
1891 3313 2190 3381 artifices
2231 3330 2517 3396 quorum

388 3442 713 3524 operibus
742 3445 1008 3524 tempus
1035 3441 1484 3523 hominesque
1511 3445 1769 3506 tantum
1798 3443 2275 3522 pepercerunt.
2308 3437 2516 3502 Immo

388 3567 735 3634 coloribus
796 3566 1030 3631 nescio
1085 3565 1246 3646 quid
1306 3583 1514 3633 suave
1574 3565 1831 3630 addidit
1889 3565 2091 3648 longa
2136 3568 2516 3643 temporum

389 3693 632 3767 series,
678 3693 767 3767 ct,
815 3690 1124 3771 quamvis
1161 3688 1418 3772 Jamdiu
1460 3690 1761 3756 aeternis
1807 3689 2206 3756 occubuerit
2258 3688 2515 3754 umbris

388 3821 706 3900 postuma
748 3815 1065 3882 felicitate
1109 3814 1269 3882 felix
1308 3817 1531 3897 pictor
1569 3816 1792 3881 adhuc
1832 3813 2095 3880 fruitur.
