3173 5096
1477 448 1834 513 ...33-

602 620 859 686 divitiis
882 623 950 686 et
971 620 1282 688 doctrina
1303 621 1750 704 praestantis
1770 619 2015 687 Nescio
2037 619 2196 702 quid
2220 619 2472 686 indicet
2488 636 2641 687 eum
2660 621 2729 685 in

591 742 707 810 illo
744 746 1005 812 sacello
1041 763 1288 831 magna
1316 746 1723 813 auctoritate
1757 745 2013 813 valere.
2056 744 2088 810 J
2097 745 2334 811 uvenis
2364 749 2475 811 est
2509 746 2734 828 proxi·

595 894 771 955 mus,
817 878 1122 945 doctoris
1175 879 1463 946 forsitan
1513 881 1720 946 heres
1766 879 1882 961 qui
1923 878 2283 945 nebulonis
2323 877 2527 944 modo
2566 877 2733 944 sub-

598 1002 795 1068 ridet.
837 1001 1192 1071 Hominem
1232 1021 1401 1071 vero
1439 1006 1670 1085 quiin
1714 1004 1998 1070 sinistra
2041 1006 2236 1085 parte
2285 994 2424 1068 stat
2461 1002 2731 1069 tabulae

596 1127 825 1207 ipsum
856 1143 1014 1194 esse
1039 1126 1395 1195 Benotium
1427 1120 1745 1194 asserere
1768 1143 1901 1193 non
1935 1125 2349 1192 dubitamus.
2390 1125 2732 1192 Pictorum

597 1251 774 1316 enim
819 1254 1013 1318 veste
1051 1251 1351 1330 indutuS‚
1396 1253 1693 1320 vicinum
1733 1250 1941 1317 habet
1981 1250 2427 1332 praecipuum
2467 1248 2735 1332 adJuto-

599 1391 766 1453 rem,
808 1376 995 1441 illum
1041 1375 1219 1443 forte
1261 1376 1528 1443 Justum
1578 1377 1693 1458 qui
1745 1377 1813 1440 in
1868 1375 2085 1441 diario
2126 1374 2308 1456 quod
2348 1373 2622 1456 reliquit
2655 1389 2733 1440 se

600 1494 733 1571 diuo
776 1496 1015 1565 ‘Sancti
1052 1499 1447 1568 Geminiani
1509 1518 1663 1567 cum
1734 1498 2042 1566 Benotio-
2089 1497 2379 1580 picturis
2450 1513 2738 1578 *operam

602 1622 877 1690 dedisse
921 1622 1133 1690 refert
1168 1622 1282 1710 (l).
1322 1624 1626 1707 Quinque
1681 1628 1749 1692 et
1787 1622 2238 1707 quadraginta
2280 1637 2497 1688 annos
2536 1623 2736 1686 natus

602 1749 751 1813 erat
788 1747 1011 1843 pictor
1048 1752 1117 1815 et
1159 1747 1430 1830 quidem
1478 1749 1691 1815 multo
1746 1748 1980 1815 senior
2033 1747 2145 1813 hic
2203 1750 2490 1828 apparet
2536 1761 2736 1826 quam

601 1872 669 1935 in
714 1869 959 1938 domus
1012 1871 1359 1939 Mediceae
1417 1874 1700 1940 sacello.
1751 1871 2042 1939 Severae
2086 1887 2261 1953 quae
2302 1873 2538 1936 notant
2581 1885 2739 1935 aus-

605 2001 817 2063 teram
887 1995 1181 2063 frontem
1238 2013 1448 2081 rugae
1507 1997 1772 2065 vividas
1840 1997 2024 2064 vires
2085 1999 2154 2061 et
2213 1996 2508 2061 animum
2568 2008 2740 2060 aevo

606 2122 1046 2187 maturiorem
1085 2121 1453 2188 ostendunt
1490 2122 1650 2188 dum
1681 2122 1954 2187 habitus
1993 2123 2062 2187 et
2101 2122 2382 2186 ornatus
2421 2116 2742 2198 corporis

608 2260 871 2310 comem
909 2245 1094 2311 illum
1132 2250 1201 2311 et
1230 2246 1560 2312 urbanum
1593 2245 2085 2312 demonstrant.

699 2370 996 2436 Tabulae
1044 2374 1326 2437 octavae
1374 2373 1549 2437 haec·
1608 2374 1715 2437 est
1761 2370 2166 2452 inscriptio:
2207 2394 2237 2427 «
2298 2366 2741 2445 Quemadmo-

610 2493 766 2559 dum
810 2492 1224 2578 Augustinus
1270 2512 1354 2561 ex
1394 2494 1571 2562 Urbe
1608 2493 2056 2562 Mediolanum
2100 2493 2382 2561 veniens
2436 2494 2741 2560 lecturus

612 2620 1114 2701 philosophiam
1152 2624 1351 2702 atque
1395 2622 1803 2687 rectoricam
1849 2637 2114 2687 summo
2158 2624 2225 2685 et
2274 2615 2643 2685 scolarium
2675 2621 2742 2683 et
2787 2635 2792 2643 ·

612 2744 969 2810 doctorum
996 2746 1318 2811 comitatu
1359 2746 1448 2811 ab
1485 2746 1899 2828 imperatore
1934 2745 2275 2812 Teodosio
2321 2747 2389 2811 et
2427 2760 2467 2808 a
2500 2747 2738 2809 sancto

612 2871 758 2934 viro
804 2867 1165 2935 Ambrosio
1209 2872 1560 2953 gratanter
1615 2877 1683 2937 et
1742 2868 2116 2936 honorifice
2174 2873 2496 2949 receptus
2539 2869 2667 2932 est.
2706 2891 2738 2923 »

612 2992 757 3057 ,lam
789 3008 874 3057 ex
916 3008 1093 3073 equo
1118 2981 1405 3059 ‘desiluit
1430 2993 1882 3078 Augustinus;
1929 3010 2176 3075 equum
2207 2990 2504 3057 custodit
2532 2989 2745 3056 famu-

617 3117 724 3181 lus
765 3119 832 3182 et
876 3133 1110 3182 ensem
1151 3120 1371 3197 tenet3
1430 3119 1605 3184 alius
1641 3135 1817 3202 genu
1859 3121 2055 3184 nixus
2092 3117 2242 3199 ejus
2277 3116 2571 3183 calcaria
2610 3115 2745 3181 sol-

689 3273 762 3343 (1)
800 3270 953 3327 Haec
982 3272 1143 3328 enim
1175 3272 1467 3329 scribebat
1496 3273 1699 3330 Justus
1736 3274 2005 3329 Andreae
2045 3273 2108 3328 in
2149 3271 2372 3327 diario:
2407 3274 2461 3327 Io
2498 3274 2580 3326 ‘mi
2616 3272 2744 3342 posi

615 3378 714 3416 con
746 3361 973 3415 benozzo
1007 3361 1069 3416 di
1095 3362 1217 3430 lese,
1248 3362 1553 3432 dipintore‚
1579 3363 1743 3433 quale
1774 3364 2033 3417 lavorava
2064 3362 2132 3417 ed
2160 3377 2256 3416 era
2288 3362 2480 3416 ottimo
2513 3365 2743 3415 maestro

614 3453 673 3504 in
692 3466 872 3517 muro,
887 3451 939 3505 el
949 3455 1113 3520 patto
1130 3451 1222 3506 che
1245 3453 1338 3506 noi
1353 3453 1562 3519 fucemo
1581 3453 1807 3507 insieme
1830 3454 1898 3519 fu
1924 3451 2005 3506 ch'
2022 3454 2073 3506 io
2097 3451 2312 3506 dovessi
2328 3449 2574 3504 lavorare
2590 3464 2625 3503 a
2641 3464 2744 3503 san

614 3541 934 3607 qimiqnano
954 3523 1132 3594 a'una
1161 3540 1413 3610 chapella
1438 3541 1498 3595 di
1522 3556 1613 3595 sco
1638 3542 1924 3610 aqosthino
1951 3556 1979 3595 e
1999 3545 2119 3594 star
2140 3539 2286 3594 lassit
2311 3538 2490 3592 hollui
2508 3554 2536 3592 e
2564 3537 2745 3591 darme‘

617 3630 671 3683 la
698 3643 852 3697 spesa
859 3669 965 3683 .....
999 3646 1027 3683 e
1054 3631 1209 3683 sletti
1237 3630 1316 3682 ivi
1343 3631 1403 3683 in
1424 3632 1525 3700 piit
1553 3631 1696 3685 volte
1728 3637 1812 3685 tre
1844 3631 1980 3684 anni
2020 3630 2235 3684 Iassii...
2275 3642 2302 3679 e
2331 3629 2392 3680 in
2427 3627 2578 3680 detta
2614 3626 2746 3680 cha-

610 3720 758 3787 pella
784 3719 843 3772 di
871 3734 956 3774 sco
987 3719 1277 3786 aym-thino
1308 3719 1369 3772 di
1395 3723 1503 3774 mia
1528 3736 1693 3774 mano
1721 3736 1854 3774 sono
1877 3725 2025 3773 tutte
2056 3719 2102 3772 le
2132 3725 2290 3773 sante
2316 3718 2409 3770 che
2436 3731 2566 3770 sono
2600 3715 2744 3770 nello

613 3810 877 3876 squancio
901 3808 1047 3862 della
1071 3812 1296 3878 finestra
1320 3810 1623 3877 maqqiore,
1656 3824 1683 3862 e
1717 3810 1737 3862 i
1771 3809 1808 3862 4
1835 3808 2094 3879 apostoli,
2122 3807 2161 3862 2
2177 3822 2284 3878 per
2315 3806 2426 3860 lato
2453 3805 2594 3859 bussi
2616 3803 2742 3857 dell·

613 3897 780 3951 archo
823 3896 973 3951 della
1011 3898 1253 3965 Ιιαρείἰα,
1296 3913 1321 3951 e
1363 3899 1417 3950 la
1453 3900 1737 3966 maqyz‘ore
1763 3903 1922 3967 parte
1949 3897 2033 3951 de’
2055 3899 2206 3966 freqi
2240 3896 2416 3950 allato
2453 3911 2488 3948 a
2518 3894 2742 3958 ὺοίῑασί,

613 4002 640 4038 e
670 3986 723 4039 la
752 3988 935 4054 prima
962 3987 1133 4039 storia
1164 3988 1349 4040 hanno
1382 3986 1449 4056 (1²)
1493 3988 1546 4040 la
1574 3987 1763 4048 vollem
1804 4003 1832 4039 e
1863 3988 1963 4055 piu
1995 3987 2238 4040 anchora
2281 3986 2342 4039 in
2383 3983 2536 4037 detto
2568 3988 2745 4051 tempo

614 4074 825 4127 lavorai
841 4074 1050 4127 61ιοίίαὶ
1076 4091 1107 4127 α
1134 4075 1377 4128 cartaldo
1400 4073 1456 4126 al
1483 4075 1832 4128 tabernacolo
1861 4075 1919 4128 di
1947 4075 2255 4143 qustiziati,
2280 4073 2401 4127 dov'
2419 4078 2445 4126 ἑ
2469 4088 2544 4126 un
2571 4072 2745 4125 Cristo

615 4163 856 4231 disposto
886 4162 945 4214 di
976 4163 1167 4223 Croce,·
1196 4178 1221 4215 e
1252 4163 1407 4230 quivi
1435 4165 1499 4227 su
1534 4162 1773 4216 l'ultimo
1806 4163 1993 4216 lavoro
2036 4163 2246 4218 lavorai
2288 4162 2423 4216 chon
2465 4160 2545 4214 lui
2582 4157 2745 4231 (Vide

616 4249 796 4323 Gaye,
830 4251 1167 4320 Carteyqio).
