3173 5096
1534 487 1844 548 -2—

615 669 923 733 operum,
968 655 1489 735 perlustramus.
1529 656 1698 732 Quid
1740 673 1906 739 ergo
1949 656 2031 720 de
2074 658 2387 722 terrestri
2426 655 2750 733 felicitate

615 782 932 843 censeret
986 777 1234 844 artifex
1297 778 1410 845 ille
1463 780 1756 863 impiger
1808 781 1922 862 qui
1979 782 2085 846 vel
2140 779 2412 849 florenti
2471 780 2753 864 juventa

612 900 949 981 ferviduS,
981 904 1089 970 vel
1118 904 1342 969 animo
1377 905 1710 970 maturior
1734 908 1803 971 et
1839 906 2057 981 annis,
2085 923 2412 972 amoenas
2445 907 2751 987 picturas

614 1030 836 1092 mente
909 1044 1184 1108 semper
1232 1044 1479 1094 serena
1546 1026 1829 1094 finxisse
1891 1029 2163 1097 videtur
2215 1047 2230 1093 ε
2289 1031 2422 1095 hoc
2479 1029 2750 1111 quidem

614 1155 930 1216 accurate
973 1153 1362 1232 percontari
1401 1153 1469 1214 in
1511 1153 1735 1217 animo
1776 1157 1880 1219 est
1915 1153 2208 1235 ideoque
2245 1154 2450 1218 vitam
2500 1169 2748 1236 opera-

616 1292 746 1356 que
779 1277 1063 1356 pictoris
1094 1278 1398 1342 vicissim
1441 1278 1976 1358 explorabimus.

702 1399 959 1464 Vanum
988 1398 1219 1465 forsan
1245 1401 1490 1482 aliquis
1520 1402 1830 1466 censebit
1853 1400 2201 1481 inceptum
2228 1402 2286 1466 si
2319 1401 2748 1485 aggrediaris

614 1522 1019 1589 disserendo
1063 1524 1447 1590 instaurare
1502 1542 1677 1606 quae
1721 1523 1926 1590 fuerit
1973 1525 2411 1606 philosophia
2459 1524 2745 1591 artificis

613 1648 720 1711 cui
761 1650 1036 1729 praeter
1075 1649 1463 1729 penicillum
1500 1654 1569 1716 et
1609 1650 1883 1715 colores
1918 1649 2082 1712 nibil
2134 1654 2283 1715 erat
2318 1666 2453 1731 quo
2495 1666 2743 1715 sensus

614 1771 813 1835 animi
837 1773 1276 1852 exprimeret.
1306 1771 1624 1839 Profecto
1647 1790 1780 1839 non
1804 1772 2104 1839 officium
2133 1777 2240 1838 est
2271 1774 2556 1854 pictoris
2582 1774 2746 1839 doc·

611 1894 857 1960 trinam
895 1896 1250 1962 dialectice
1299 1913 1487 1962 more
1522 1897 1826 1963 Platonis
1867 1902 1984 1963 aut
2021 1899 2087 1962 vi
2135 1899 2517 1982 syllogismi
2556 1915 2743 1964 more

610 2015 1006 2085 Aristotelis
1032 2020 1398 2086 instruere.
1440 2021 1765 2086 Tabulam
1802 2020 2061 2086 Benotii
2091 2021 2327 2087 videre
2361 2024 2468 2087 est
2498 2023 2563 2085 in
2595 2039 2745 2086 mu·

611 2161 731 2210 seo
759 2144 1105 2210 Parisiaco
1137 2162 1313 2226 quae
1348 2147 1568 2210 sancti
1606 2145 1905 2210 Thomae
1938 2144 2292 2227 Aquinatis
2329 2147 2742 2227 triumphum

607 2269 925 2334 illustrat.
963 2267 1167 2334 Sedet
1195 2269 1392 2336 divus
1424 2269 1535 2335 1116
1563 2268 1810 2334 doctor
1849 2270 2026 2335 inter
2064 2268 2415 2335 Platonem
2452 2273 2520 2335 et
2550 2268 2743 2334 Aris-

610 2393 923 2469 totelem3
982 2391 1157 2457 infra
1207 2409 1373 2458 vero
1427 2390 1739 2474 pontifex
1783 2393 2116 2458 maximus
2156 2392 2450 2458 etmulti
2508 2392 2741 2458 clerici

608 2516 980 2599 prudentes
1012 2518 1093 2584 de
1126 2515 1309 2584 illius
1340 2519 1626 2584 scientia
1657 2510 2044 2598 disputant;
2087 2515 2306 2583 facilis
2335 2520 2561 2582 autem
2597 2516 2742 2582 dis-

608 2643 893 2721 putatio,
921 2660 1073 2707 nam
1114 2658 1351 2708 omnes
1386 2642 1698 2707 unanimo
1728 2658 1847 2707 ore
1890 2640 2229 2706 affirmant
2260 2657 2526 2708 omnem
2559 2642 2736 2706 viam

607 2766 1008 2848 disciplinae
1062 2767 1126 2830 in
1173 2766 1459 2831 Summa
1512 2764 1909 2848 Theoloqiae
1950 2764 2406 2847 quaerendam
2450 2769 2518 2831 et
2554 2766 2740 2831 inve-

606 2891 916 2957 niendam
938 2891 1512 2958 esse.Verisimile
1532 2893 1640 2956 est
1660 2890 1940 2958 Benotio
1960 2889 2268 2955 eamdem
2288 2890 2371 2955 de
2392 2887 2738 2955 illafuisse

607 3016 1018 3097 opinionem,
1057 3015 1177 3081 sed
1213 3019 1481 3096 tempus
1521 3016 1584 3079 ei
1630 3014 1942 3081 defuerat
1973 3019 2052 3079 ut*
2083 3020 2282 3080 vasta
2315 3017 2384 3081 et
2414 3016 2747 3081 immensa

605 3140 955 3206 evolveret
1009 3139 1228 3204 sancti
1282 3132 1581 3204 Thoma'e
1627 3140 1994 3205 volumina.
2037 3137 2173 3204 Sub
2229 3138 2460 3222 effigie
2510 3138 2745 3205 Dantis

603 3267 852 3346 poetae
902 3279 1101 3345 quam
1133 3262 1538 3343 depinxerat
1576 3261 1800 3328 Monte
1835 3262 2124 3328 Falcone
2158 3263 2411 3346 legitur
2440 3264 2614 3329 haec
2648 3264 2752 3326 in-

604 3389 887 3470 scriptio
916 3404 930 3450 :
967 3384 1338 3473 leeoloqus
1366 3387 1615 3449 Dantes
1639 3384 1895 3450 nullius
1924 3383 2261 3472 doqmatis
2300 3406 2581 3474 eoep8r35
2611 3388 2738 3453 Sub

604 3512 831 3597 effigie
862 3510 1233 3578 Petrarcac
1264 3528 1278 3574 ε
1312 3510 1688 3573 Lazcreatus
1715 3511 2040 3574 Petrarca
2070 3510 2379 3575 omnium
2410 3510 2742 3574 virtutum

599 3635 966 3701 monarcha
982 3656 1010 3718 ,·
1029 3637 1158 3703 Sub
1177 3631 1407 3719 effigie
1431 3650 1596 3702 vcro
1615 3633 1807 3702 lotii:
1837 3632 2187 3699 Pictorum
2210 3634 2497 3700 eoez'mz'us
2524 3636 2735 3699 [ottus

595 3758 1124 3847 fundamentum
1161 3769 1224 3823 et
1253 3758 1395 3824 lucc.
1446 3759 1708 3843 Quippe
1755 3777 1906 3825 cum
1945 3762 2010 3826 in
2047 3766 2192 3827 arte
2231 3760 2553 3843 pingendi
2593 3766 2735 3827 tum

598 3891 663 3953 in
709 3888 892 3952 omni
940 3886 1297 3967 disciplina
1348 3884 1563 3950 lottus
1604 3884 1885 3951 Benotio
1933 3902 2098 3952 vera
2148 3889 2216 3951 et
2258 3884 2586 3968 magistra
2623 3886 2736 3950 lux

599 4016 766 4079 erat.
812 4009 1045 4074 Dantis
1090 4009 1589 4088 Petrarcaeque
1634 4013 1950 4088 poemata
1987 4009 2118 4075 etsi
2163 4009 2455 4075 libenter
2499 4014 2736 4076 noster

596 4134 869 4217 legebat
907 4148 1198 4214 paucam
1233 4147 1465 4196 curam
1512 4129 1837 4197 adbibere
1881 4135 2150 4213 poterat
2185 4149 2422 4198 eorum
2463 4134 2733 4199 theolo-

596 4260 772 4342 giae.
801 4256 1138 4323 Censebat
1157 4272 1322 4322 vero
1350 4254 1620 4330 Iottum‚
1646 4256 1911 4320 etiamsi
1943 4258 2356 4336 penicillum,
2390 4274 2522 4321 non
2555 4257 2731 4322 cala·
