3173 5096
1313 451 1671 516 -37—

421 619 687 701 equites
760 619 1166 702 peditesque
1240 623 1678 688 comitantur.
1748 624 1960 689 Roma
2038 622 2261 689 adbuc
2316 524 2802 704 parums

419 743 651 812 distat.
707 742 1020 810 Cernitur
1081 746 1394 812 columna
1459 746 1834 813 Antoniana
1885 764 2059 830 quae
2129 750 2268 813 tum
2331 751 2557 813 statua

416 867 723 945 carebat,
782 873 1152 936 cernuntur
1207 874 1274 937 et
1313 868 1655 954 Agrippae
1699 871 2049 938 Pantheon
2097 872 2554 953 templumque

414 994 587 1059 Arae
616 990 821 1070 Caeli,
863 996 934 1061 et
962 995 1207 1061 domus
1234 992 1571 1077 Capitolii,
1612 996 1792 1062 sicut
1830 1000 2027 1062 erant
2063 996 2182 1061 illo
2213 999 2547 1077 tempore,

413 1123 748 1200 vetusque
780 1118 1072 1184 basilica
1117 1117 1181 1183 S.
1227 1119 1435 1199 Petri,
1489 1118 1898 1202 Adrianique
1952 1121 2170 1186 moles
2209 1122 2552 1201 quactum

415 1243 660 1307 turrita
711 1245 881 1319 erat,
928 1245 996 1308 et
1045 1240 1253 1308 Cestii
1299 1245 1600 1326 pyramis
1651 1244 2107 1325 templumque
2171 1242 2236 1308 S.
2279 1241 2551 1308 Ioannis

418 1365 750 1432 Laterani.
799 1364 884 1431 At
921 1367 1236 1449 equitans
1265 1369 1683 1452 Augustinus
1717 1384 1848 1434 non
1890 1369 2227 1435 convertit
2265 1369 2545 1446 oculos;

414 1493 603 1561 recta
649 1491 763 1556 via
824 1489 1267 1575 progreditur
1327 1508 1453 1563 nec
1512 1506 1741 1559 rerum
1790 1493 2253 1574 praesentium
2297 1491 2549 1574 aliquid

415 1617 704 1695 spectat,
739 1615 804 1678 in
831 1616 1337 1698 philosophicis
1364 1616 1900 1700 cogitationibus
1936 1615 2546 1699 occupatissimus;

413 1739 714 1804 cernitur
762 1741 828 1803 in
881 1737 1028 1821 eJus
1080 1741 1268 1806 vultu
1329 1741 1639 1806 anxietas
1691 1741 2005 1814 maxima,
2060 1758 2145 1806 an
2191 1738 2551 1806 Mediolani

412 1863 788 1944 sapientem
810 1865 1027 1929 virum
1056 1862 1355 1930 invenIat
1373 1866 1489 1946 qui
1510 1881 1663 1932 eum
1690 1864 1983 1931 divinam
2010 1866 2369 1931 veritatem
2396 1867 2547 1930 tan·
2841 1954 2844 1955 7

411 1986 562 2054 dem
594 1986 862 2055 doceat.
894 1987 1060 2054 Nam
1092 1990 1191 2054 sic
1220 1989 1458 2054 scribit
1489 1990 1558 2053 in
1591 1985 2146 2074 Confessiom'bus
2185 2006 2199 2051 ε
2243 2013 2274 2047 «
2306 1987 2545 2053 Porta·
2563 1990 2784 2095 Μ’
2807 1970 2818 1979 '⁷

407 2109 664 2201 bam(1)
685 2113 863 2179 enim
895 2114 1322 2180 conscissam
1351 2117 1419 2179 et
1445 2117 1797 2191 cruentam
1839 2115 2127 2179 animam
2155 2129 2398 2191 meam,
2422 2112 2545 2176 im-

408 2238 776 2318 patientem
819 2255 857 2303 a
896 2254 1004 2304 me
1043 2240 1329 2320 portari,
1370 2240 1439 2304 et
1467 2238 1581 2303 ubi
1623 2253 1769 2303 eam
1812 2254 2137 2321 ponerem
2186 2254 2320 2302 non
2359 2238 2542 2303 inve-

404 2360 696 2427 nicbam.
784 2386 816 2420 »
886 2361 1189 2431 Platonis
1264 2364 1333 2429 et
1409 2361 1702 2444 Epicuri,
1774 2361 2417 2443 Manicheorumque
2475 2365 2541 2427 et

405 2482 943 2552 Christianorum
978 2490 1383 2570 praecepta.
1409 2486 1776 2572 Evangelio
1807 2485 2104 2553 nondum
2134 2485 2354 2554 fidens
2395 2502 2534 2552 me-

405 2607 678 2675 ditatur.
705 2609 975 2677 Interea
990 2610 1184 2693 juxta
1213 2628 1461 2693 equum
1488 2612 1797 2696 graditur
1822 2613 2089 2679 catulus
2115 2612 2253 2693 qui,
2294 2628 2538 2692 quam-

401 2734 506 2799 vis
552 2738 819 2818 tergum
873 2736 958 2800 ad
1012 2736 1289 2802 nimium
1349 2736 1650 2803 calorem
1701 2738 2085 2804 evitandum
2133 2752 2363 2801 rasum
2422 2737 2535 2814 sit,

405 2854 678 2920 anhelat
706 2856 932 2920 tamen
965 2858 1034 2921 et
1070 2856 1366 2939 linguam
1407 2854 1693 2937 profert.
1730 2857 2005 2923 Juvenis
2040 2855 2313 2936 quidam
2345 2854 2538 2937 juxta

404 2977 804 3061 magistrum
834 2978 1176 3061 intrepido
1205 2979 1444 3063 gradu,
1474 2980 1697 3045 anima
1729 2979 1993 3058 firmus,
2020 2979 2296 3047 incedit.
2341 2980 2539 3062 Equi-

401 3106 545 3167 tant
601 3104 739 3180 alii,
782 3104 960 3170 ‘serii
1015 3119 1253 3170 omnes
1308 3103 1627 3170 videntur
1672 3109 1746 3170 ut
1793 3106 2252 3187 philosophos
2314 3105 2534 3171 dccet.

399 3224 670 3323 Adsunt
697 3243 871 3293 vero*
895 3229 1206 3294 homines
1229 3229 1295 3291 in
1327 3230 1469 3293 oris
1498 3229 1766 3295 tabulae
1795 3230 1878 3294 ab
1905 3228 2262 3313 Augustini
2292 3230 2532 3297 itinere

402 3324 679 3416 omnino
728 3350 1044 3434 seJuncu,
1084 3369 1257 3434 quas
1306 3355 1532 3418 tamen
1575 3369 1708 3417 non
1745 3353 1942 3419 nihili
1971 3351 2266 3438 faciebat
2313 3354 2540 3435 pictor

401 3491 554 3571 cum
608 3476 676 3538 in
732 3475 962 3556 priore
1012 3478 1207 3557 parte
1258 3476 1776 3542 accuratissime
1822 3493 2373 3558 expressoseos
2428 3476 2535 3543 de-

403 3585 720 3680 pinxerit.
749 3598 818 3663 ln
849 3600 979 3665 hac
1000 3600 1233 3665 tabula
1255 3601 1572 3684 leguntur
1595 3616 1836 3666 versus
1859 3616 2034 3681 quos
2067 3601 2419 3680 retulimus
2451 3601 2536 3680 ad

399 3722 758 3820 donatoris
806 3724 1230 3806 pictorisque
1275 3723 1516 3788 laudes
1561 3722 1900 3789 conditos.
1937 3723 2019 3789 Et
2063 3723 2361 3804 quidem,
2405 3725 2536 3790 nisi

400 3846 722 3944 fallimur,
752 3847 996 3914 doctor
1020 3848 1372 3937 Parisinus
1400 3848 1517 3915 ille
1541 3850 1649 3914 est
1678 3848 1855 3913 altus
1877 3852 1947 3914 et
1979 3864 2192 3914 canus
2222 3849 2327 3914 vir
2356 3850 2469 3931 qui
2498 3866 2538 3913 a
2597 3849 2828 3922 ass

400 3949 681 4038 sinistra
707 3974 1012 4039 cernitur
1035 3959 1408 4055 disputanti
1435 3973 1703 4038 similis.
1732 3973 1971 4039 Vultus
2007 3978 2114 4040 est
2143 3975 2438 4040 hominis
2469 3978 2536 4041 et

471 4236 549 4309 (1)
582 4237 985 4310 ConfessioneS,
1014 4237 1162 4294 liber
1185 4238 1276 4307 lV,
1304 4243 1478 4311 caput
1508 4256 1602 4294 vn.
